


  <record id="002">
    <!--done-->
    <leader>01189cam a2200289 c 4500</leader>
    <controlfield tag="001">990709996604702201</controlfield>
    <controlfield tag="005">20171003221107.0</controlfield>
    <controlfield tag="007">ta</controlfield>
    <controlfield tag="008">141204s2007    xx#|||||||||||000|u|nob|d</controlfield>
    <datafield tag="035" ind1=" " ind2=" ">
      <subfield code="a">07099966x-47bibsys_network</subfield>
    </datafield>
    <datafield tag="035" ind1=" " ind2=" ">
      <subfield code="a">(NO-TrBIB)07099966x</subfield>
    </datafield>
    <datafield tag="040" ind1=" " ind2=" ">
      <subfield code="e">katreg</subfield>
    </datafield>
<datafield tag="100" ind1="1" ind2=" ">
  <subfield code="a">Sorken, Esten Aastad,</subfield>
  <subfield code="4">aut</subfield>
  <subfield code="1">http://viaf.org/viaf/117149106269068492191</subfield>
</datafield>
<datafield tag="240" ind1="0" ind2=" ">
  <subfield code="a">Feministisk fantasy og nypaganisme, en studie av The Mists of Avalon og The Fifth Sacred Thing</subfield>
  <subfield code="1">https://hdl.handle.net/10037/1114</subfield>
</datafield>
<datafield tag="245" ind1="1" ind2="0">
  <subfield code="a">Feministisk fantasy og nypaganisme :</subfield>
  <subfield code="b">en studie av The Mists of Avalon og The Fifth Sacred Thing</subfield>
  <subfield code="c">Esten Aastad Sorken.</subfield>
</datafield>
<datafield tag="260" ind1=" " ind2=" ">
  <subfield code="a">[Tromsø]</subfield>
  <subfield code="b">E. A. Sorken</subfield>
  <subfield code="c">2007</subfield>
</datafield>
<datafield tag="300" ind1=" " ind2=" ">
  <subfield code="a">111 pages.</subfield>
</datafield>
<datafield tag="336" ind1=" " ind2=" ">
  <subfield code="a">text</subfield>
  <subfield code="b">txt</subfield>
  <subfield code="1">http://rdaregistry.info/termList/RDAContentType/1020</subfield>
  <subfield code="2">rdacontent</subfield>
</datafield>
<datafield tag="337" ind1=" " ind2=" ">
  <subfield code="a">unmediated</subfield>
  <subfield code="b">n</subfield>
  <subfield code="1">http://rdaregistry.info/termList/RDAMediaType/1007</subfield>
  <subfield code="2">rdamedia</subfield>
</datafield>
<datafield tag="338" ind1="1" ind2="0">
  <subfield code="a">volume</subfield>
  <subfield code="b">nc</subfield>
  <subfield code="1">http://rdaregistry.info/termList/RDACarrierType/1049</subfield>
  <subfield code="2">rdacarrier</subfield>
</datafield>
<datafield tag="380" ind1=" " ind2=" ">
  <subfield code="a">Academic theses</subfield>
  <subfield code="1">http://id.loc.gov/authorities/genreForms/gf2014026039</subfield>
  <subfield code="2">lcgft</subfield>
</datafield>
<datafield tag="500" ind1=" " ind2=" ">
  <subfield code="a">Hovedoppgave i religionsvitenskap - Universitetet i Tromsø, 2007.</subfield>
</datafield>
<datafield tag="600" ind1="1" ind2="7">
  <subfield code="a">Bradley, Marion Zimmer,</subfield>
  <subfield code="d">1930-1999</subfield>
  <subfield code="4">aut</subfield>
  <subfield code="1">http://viaf.org/viaf/66464308</subfield>
</datafield>
<datafield tag="600" ind1="0" ind2="7">
  <subfield code="a">Starhawk</subfield>
  <subfield code="1">http://viaf.org/viaf/120619094</subfield>
</datafield>
<datafield tag="650" ind1=" " ind2="0">
  <subfield code="a">Religion</subfield>
</datafield>
<datafield tag="650" ind1=" " ind2="0">
  <subfield code="a">New Age Movement</subfield>
</datafield>
<datafield tag="655" ind1=" " ind2="0">
  <subfield code="a">Hovedoppgaver</subfield>
</datafield>
<datafield tag="700" ind1="1" ind2=" ">
  <subfield code="a">Bradley, Marion Zimmer,</subfield>
  <subfield code="t">The mists of Avalon</subfield>
  <subfield code="4">http://rdaregistry.info/Elements/w/critiqueOfWork.en</subfield>
  <subfield code="1">https://www.goodreads.com/book/show/40605251</subfield>
</datafield>
    <datafield tag="710" ind1="2" ind2=" ">
      <subfield code="a">Universitetet i Tromsø</subfield>
      <subfield code="4">dgg</subfield>
    </datafield>
    <datafield tag="776" ind1="0" ind2=" ">
      <subfield code="t">Feministisk fantasy og nypaganisme : en studie av The Mists of Avalon og The Fifth Sacred Thing</subfield>
      <subfield code="w">990711215794702201</subfield>
    </datafield>
  </record>