


<record id="005">
  <leader>00863cam a2200253 c 4500</leader>
  <controlfield tag="001">990620217704702201</controlfield>
  <controlfield tag="005">20120507134140.0</controlfield>
  <controlfield tag="007">ta</controlfield>
  <controlfield tag="008">120507s2004    xx#|||||||||||000|u|eng|d</controlfield>
  <datafield tag="020" ind1=" " ind2=" ">
    <subfield code="a">9781551521589</subfield>
    <subfield code="q">h.</subfield>
  </datafield>
  <datafield tag="020" ind1=" " ind2=" ">
    <subfield code="a">155152158X</subfield>
    <subfield code="q">h.</subfield>
  </datafield>
  <datafield tag="035" ind1=" " ind2=" ">
    <subfield code="a">06202177x-47bibsys_network</subfield>
  </datafield>
  <datafield tag="035" ind1=" " ind2=" ">
    <subfield code="a">(NO-TrBIB)06202177x</subfield>
  </datafield>
  <datafield tag="040" ind1=" " ind2=" ">
    <subfield code="e">katreg</subfield>
  </datafield>
  <datafield tag="080" ind1=" " ind2=" ">
    <subfield code="a">82(08)-3</subfield>
  </datafield>
  <datafield tag="082" ind1="0" ind2="4">
    <subfield code="a">808.83</subfield>
    <subfield code="2">23</subfield>
  </datafield>
  <datafield tag="130" ind1="0" ind2=" ">
    <subfield code="a">So long been dreaming, postcolonial science fiction &amp; fantasy</subfield>
    <subfield code="1">https://www.goodreads.com/book/show/847409</subfield>
  </datafield>
  <datafield tag="245" ind1="0" ind2="0">
    <subfield code="a">So long been dreaming :</subfield>
    <subfield code="b">postcolonial science fiction &amp; fantasy</subfield>
    <subfield code="c">Nalo Hopkinson &amp; Uppinder Mehan, eds.</subfield>
  </datafield>
  <datafield tag="260" ind1=" " ind2=" ">
    <subfield code="a">Vancouver</subfield>
    <subfield code="b">Arsenal Pulp Press</subfield>
    <subfield code="c">c2004</subfield>
  </datafield>
  <datafield tag="300" ind1=" " ind2=" ">
    <subfield code="a">270 pages ;</subfield>
    <subfield code="b">portraits.</subfield>
  </datafield>
  <datafield tag="336" ind1=" " ind2=" ">
    <subfield code="a">text</subfield>
    <subfield code="b">txt</subfield>
    <subfield code="1">http://rdaregistry.info/termList/RDAContentType/1020</subfield>
    <subfield code="2">rdacontent</subfield>
  </datafield>
  <datafield tag="337" ind1=" " ind2=" ">
    <subfield code="a">unmediated</subfield>
    <subfield code="b">n</subfield>
    <subfield code="1">http://rdaregistry.info/termList/RDAMediaType/1007</subfield>
    <subfield code="2">rdamedia</subfield>
  </datafield>
  <datafield tag="338" ind1="1" ind2="0">
    <subfield code="a">volume</subfield>
    <subfield code="b">nc</subfield>
    <subfield code="1">http://rdaregistry.info/termList/RDACarrierType/1049</subfield>
    <subfield code="2">rdacarrier</subfield>
  </datafield>
  <datafield tag="380" ind1=" " ind2=" ">
    <subfield code="a">Short stories</subfield>
    <subfield code="1">http://id.loc.gov/authorities/genreForms/gf2014026542</subfield>
    <subfield code="2">lcgft</subfield>
  </datafield>
  <datafield tag="505" ind1="0" ind2="0">
    <subfield code="t">Introduction /</subfield>
    <subfield code="r">Nalo Hopkinson -</subfield>
    <subfield code="t">Deep end /</subfield>
    <subfield code="r">Nisi Shawl -</subfield>
    <subfield code="t">Griots of the galaxy /</subfield>
    <subfield code="r">Andrea Hairston -</subfield>
    <subfield code="t">Toot sweet Matricia /</subfield>
    <subfield code="r">Suzette Mayr -</subfield>
    <subfield code="t">Rachel /</subfield>
    <subfield code="r">Larissa Lai -</subfield>
    <subfield code="t">Terminal avenue /</subfield>
    <subfield code="r">Eden Robinson -</subfield>
    <subfield code="t">When scarabs multiply /</subfield>
    <subfield code="r">Nnedi Okorafor-Mbachu -</subfield>
    <subfield code="t">Delhi /</subfield>
    <subfield code="r">Vandana Singh -</subfield>
    <subfield code="t">Panopte's eye /</subfield>
    <subfield code="r">Tamai Kobayashi -</subfield>
    <subfield code="t">The grassdreaming tree /</subfield>
    <subfield code="r">Sheree R. Thomas -</subfield>
    <subfield code="t">The blue road: A fairy tale /</subfield>
    <subfield code="r">Wayde Compton -</subfield>
    <subfield code="t">The forgotten ones /</subfield>
    <subfield code="r">Karin Lowachee -</subfield>
    <subfield code="t">Native aliens /</subfield>
    <subfield code="r">Greg van Eekhout -</subfield>
    <subfield code="t">Refugees /</subfield>
    <subfield code="r">Celu Amberstone -</subfield>
    <subfield code="t">Trade winds /</subfield>
    <subfield code="r">devorah major -</subfield>
    <subfield code="t">Lingua franca /</subfield>
    <subfield code="r">Carole McDonnell -</subfield>
    <subfield code="t">Out of sync /</subfield>
    <subfield code="r">Ven Begamudré -</subfield>
    <subfield code="t">The living roots /</subfield>
    <subfield code="r">Opal Palmer Adisa -</subfield>
    <subfield code="t">Journey into the vortex /</subfield>
    <subfield code="r">Maya Khankhoje -</subfield>
    <subfield code="t">Necahual /</subfield>
    <subfield code="r">Tobias S. Buckell -</subfield>
    <subfield code="t">Final thoughts /</subfield>
    <subfield code="r">Uppinder Mehan.</subfield>
  </datafield>
  <datafield tag="650" ind1=" " ind2="0">
    <subfield code="a">Body image</subfield>
  </datafield>
  <datafield tag="650" ind1=" " ind2="0">
    <subfield code="a">Human-alien encounters</subfield>
  </datafield>
  <datafield tag="650" ind1=" " ind2="0">
    <subfield code="a">Future, the</subfield>
  </datafield>
  <datafield tag="650" ind1=" " ind2="0">
    <subfield code="a">Future in popular culture</subfield>
    <subfield code="x">Fiction</subfield>
  </datafield>
  <datafield tag="650" ind1=" " ind2="0">
    <subfield code="a">Colonies</subfield>
  </datafield>
  <datafield tag="650" ind1=" " ind2="0">
    <subfield code="a">Postcolonialism</subfield>
  </datafield>
  <datafield tag="655" ind1=" " ind2="7">
    <subfield code="a">Short stories</subfield>
    <subfield code="2">lcgft</subfield>
  </datafield>
  <datafield tag="655" ind1=" " ind2="7">
    <subfield code="a">Science fiction</subfield>
    <subfield code="2">lcgft</subfield>
  </datafield>
  <datafield tag="655" ind1=" " ind2="7">
    <subfield code="a">Fantasy fiction</subfield>
    <subfield code="2">lcgft</subfield>
  </datafield>
  <!--Q: Jeg letet etter URIer i WorldCat, Goodreads, DBPedia, Wikidata, VIAF og flere steder, men klarte ikke å finne URIer til de fleste noveller  i denne samlingen.-->
  <datafield tag="700" ind1="1" ind2="2">
    <subfield code="a">Hopkinson, Nalo,</subfield>
    <subfield code="e">editor.</subfield>
    <subfield code="1">http://viaf.org/viaf/14061281</subfield>
    <subfield code="4">aut</subfield>
    <subfield code="4">edt</subfield>
  </datafield>
  <datafield tag="700" ind1="1" ind2="2">
    <subfield code="a">Mehan, Uppinder,</subfield>
    <subfield code="1">http://viaf.org/viaf/73686882</subfield>
    <subfield code="4">aut</subfield>
    <subfield code="4">edt</subfield>
  </datafield>
  <datafield tag="700" ind1="1" ind2="2">
    <subfield code="a">Shawl, Nisi.</subfield>
    <subfield code="t">Deep end.</subfield>
    <subfield code="4">aut</subfield>
  </datafield>
  <datafield tag="700" ind1="1" ind2="2">
    <subfield code="a">Hairston, Andrea.</subfield>
    <subfield code="t">Griots of the galaxy.</subfield>
    <subfield code="1">https://www.goodreads.com/book/show/19160404</subfield>
    <subfield code="4">aut</subfield>
  </datafield>
  <datafield tag="700" ind1="1" ind2="2">
    <subfield code="a">Mayr, Suzette.</subfield>
    <subfield code="t">Toot sweet Matricia.</subfield>
    <subfield code="4">aut</subfield>
  </datafield>
  <datafield tag="700" ind1="1" ind2="2">
    <subfield code="a">Lai, Larissa.</subfield>
    <subfield code="t">Rachel.</subfield>
    <subfield code="4">aut</subfield>
  </datafield>
  <datafield tag="700" ind1="1" ind2="2">
    <subfield code="a">Robinson, Eden.</subfield>
    <subfield code="t">Terminal avenue.</subfield>
    <subfield code="1">https://www.goodreads.com/book/show/25099539</subfield>
    <subfield code="4">aut</subfield>
  </datafield>
  <datafield tag="700" ind1="1" ind2="2">
    <subfield code="a">Okorafor, Nnedi.</subfield>
    <subfield code="t">When scarabs multiply.</subfield>
    <subfield code="4">aut</subfield>
  </datafield>
  <datafield tag="700" ind1="1" ind2="2">
    <subfield code="a">Singh, Vandana.</subfield>
    <subfield code="t">Delhi.</subfield>
    <subfield code="4">aut</subfield>
  </datafield>
  <datafield tag="700" ind1="1" ind2="2">
    <subfield code="a">Kobayashi, Tamai.</subfield>
    <subfield code="t">Panopte's eye.</subfield>
    <subfield code="4">aut</subfield>
  </datafield>
  <datafield tag="700" ind1="1" ind2="2">
    <subfield code="a">Thomas, Sheree R..</subfield>
    <subfield code="t">The grassdreaming tree.</subfield>
    <subfield code="4">aut</subfield>
  </datafield>
  <datafield tag="700" ind1="1" ind2="2">
    <subfield code="a">Compton, Wayde.</subfield>
    <subfield code="t">The blue road: A fairy tale.</subfield>
    <subfield code="4">aut</subfield>
  </datafield>
  <datafield tag="700" ind1="1" ind2="2">
    <subfield code="a">Lowachee, Karin.</subfield>
    <subfield code="t">The forgotten ones.</subfield>
    <subfield code="4">aut</subfield>
  </datafield>
  <datafield tag="700" ind1="1" ind2="2">
    <subfield code="a">van Eekhout, Greg.</subfield>
    <subfield code="t">Native aliens.</subfield>
    <subfield code="4">aut</subfield>
  </datafield>
  <datafield tag="700" ind1="1" ind2="2">
    <subfield code="a">Amberstone, Celu.</subfield>
    <subfield code="t">Refugees.</subfield>
    <subfield code="4">aut</subfield>
  </datafield>
  <datafield tag="700" ind1="1" ind2="2">
    <subfield code="a">major, devorah.</subfield>
    <subfield code="t">Trade Winds.</subfield>
    <subfield code="4">aut</subfield>
  </datafield>
  <datafield tag="700" ind1="1" ind2="2">
    <subfield code="a">McDonnell, Carole.</subfield>
    <subfield code="t">Lingua franca.</subfield>
    <subfield code="4">aut</subfield>
  </datafield>
  <datafield tag="700" ind1="1" ind2="2">
    <subfield code="a">Begamudré, Ven.</subfield>
    <subfield code="t">Out of sync.</subfield>
    <subfield code="4">aut</subfield>
  </datafield>
  <datafield tag="700" ind1="1" ind2="2">
    <subfield code="a">Palmer Adisa, Opal.</subfield>
    <subfield code="t">The living roots.</subfield>
    <subfield code="4">aut</subfield>
  </datafield>
  <datafield tag="700" ind1="1" ind2="2">
    <subfield code="a">Khankhoje, Maya.</subfield>
    <subfield code="t">Journey into the vortex.</subfield>
    <subfield code="4">aut</subfield>
  </datafield>
  <datafield tag="700" ind1="1" ind2="2">
    <subfield code="a">Buckell, Tobias S..</subfield>
    <subfield code="t">Necahual.</subfield>
    <subfield code="1">https://www.goodreads.com/book/show/3333952</subfield>
    <subfield code="4">aut</subfield>
  </datafield>
  <datafield tag="700" ind1="1" ind2="2">
    <subfield code="a">Mehan, Uppinder.</subfield>
    <subfield code="t">Final thoughts.</subfield>
    <subfield code="4">aut</subfield>
  </datafield>
  <datafield tag="776" ind1="0" ind2=" ">
    <subfield code="t">So long been dreaming : postcolonial science fiction &amp; fantasy</subfield>
    <subfield code="w">991408972324702201</subfield>
  </datafield>
</record>