


<record id="009">
  <!--done-->
  <leader>01138pam a22003611i 4500</leader>
  <controlfield tag="001">018017491</controlfield>
  <controlfield tag="003">Uk</controlfield>
  <controlfield tag="005">20161111024229.0</controlfield>
  <controlfield tag="006">m    ||  d |</controlfield>
  <controlfield tag="007">cr |||||||||||</controlfield>
  <controlfield tag="008">160915s2016    enk     o     000|f|eng|d</controlfield>
  <datafield tag="015" ind1=" " ind2=" ">
    <subfield code="a">GBB6D1008</subfield>
    <subfield code="2">bnb</subfield>
  </datafield>
  <datafield tag="020" ind1=" " ind2=" ">
    <subfield code="a">9781472116338 (ePub ebook) :</subfield>
    <subfield code="c">£8.99</subfield>
  </datafield>
  <datafield tag="020" ind1=" " ind2=" ">
    <subfield code="z">9781472151056 (pbk.) :</subfield>
    <subfield code="c">£8.99</subfield>
  </datafield>
  <datafield tag="037" ind1=" " ind2=" ">
    <subfield code="a">HachetteUK489731</subfield>
    <subfield code="b">Ingram Content Group</subfield>
  </datafield>
  <datafield tag="040" ind1=" " ind2=" ">
    <subfield code="e">rda</subfield>
    <subfield code="e">pn</subfield>
  </datafield>
  <datafield tag="082" ind1="0" ind2="4">
    <subfield code="a">813.6</subfield>
    <subfield code="2">23</subfield>
  </datafield>
  <datafield tag="100" ind1="1" ind2=" ">
    <subfield code="a">McGuire, Seanan,</subfield>
    <subfield code="d">1978-</subfield>
    <subfield code="1">http://viaf.org/viaf/103858307</subfield>
    <subfield code="4">aut</subfield>
  </datafield>
  <datafield tag="240" ind1="0" ind2=" ">
    <subfield code="a">Once broken faith</subfield>
    <subfield code="1">https://www.goodreads.com/book/show/28815482</subfield>
  </datafield>
  <datafield tag="245" ind1="1" ind2="0">
    <subfield code="a">Once broken faith /</subfield>
    <subfield code="c">Seanan McGuire.</subfield>
  </datafield>
  <datafield tag="264" ind1=" " ind2="1">
    <subfield code="a">London :</subfield>
    <subfield code="b">Corsair,</subfield>
    <subfield code="c">2016.</subfield>
  </datafield>
  <datafield tag="300" ind1=" " ind2=" ">
    <subfield code="a">1 online resource.</subfield>
  </datafield>
  <datafield tag="336" ind1=" " ind2=" ">
    <subfield code="a">text</subfield>
    <subfield code="b">txt</subfield>
    <subfield code="1">http://rdaregistry.info/termList/RDAContentType/1020</subfield>
    <subfield code="2">rdacontent</subfield>
  </datafield>
  <datafield tag="337" ind1=" " ind2=" ">
    <subfield code="a">computer</subfield>
    <subfield code="b">c</subfield>
    <subfield code="1">http://rdaregistry.info/termList/RDAMediaType/1003</subfield>
    <subfield code="2">rdamedia</subfield>
  </datafield>
  <datafield tag="338" ind1="1" ind2="0">
    <subfield code="a">online resource</subfield>
    <subfield code="b">cr</subfield>
    <subfield code="1">http://rdaregistry.info/termList/RDACarrierType/1018</subfield>
    <subfield code="2">rdacarrier</subfield>
  </datafield>
  <datafield tag="380" ind1=" " ind2=" ">
    <subfield code="a">Novels</subfield>
    <subfield code="1">http://id.loc.gov/authorities/genreForms/gf2015026020</subfield>
    <subfield code="2">lcgft</subfield>
  </datafield>
  <datafield tag="490" ind1="0" ind2=" ">
    <subfield code="a">October Daye novels ;</subfield>
    <subfield code="v">10</subfield>
  </datafield>
  <datafield tag="588" ind1=" " ind2=" ">
    <subfield code="a">Description based on CIP data; item not viewed.</subfield>
  </datafield>
  <datafield tag="600" ind1="1" ind2="0">
    <subfield code="a">Daye, October</subfield>
    <subfield code="c">(Fictitious character)</subfield>
    <subfield code="v">Fiction.</subfield>
    <subfield code="1">http://viaf.org/viaf/26152682567823312178</subfield>
  </datafield>
  <datafield tag="655" ind1=" " ind2="0">
    <subfield code="a">Paranormal fiction</subfield>
  </datafield>
  <datafield tag="700" ind1="1" ind2=" ">
    <subfield code="a">McGuire, Seanan</subfield>
    <subfield code="t">A red-rose chain</subfield>
    <subfield code="4">http://rdaregistry.info/Elements/w/prequelWork.en</subfield>
    <subfield code="1">https://www.goodreads.com/book/show/15748535</subfield>
  </datafield>
  <datafield tag="700" ind1="1" ind2=" ">
    <subfield code="a">McGuire, Seanan</subfield>
    <subfield code="t">The brightest fell</subfield>
    <subfield code="4">http://rdaregistry.info/Elements/w/sequelWork.en</subfield>
    <subfield code="1">https://www.goodreads.com/book/show/23383896</subfield>
  </datafield>
  <datafield tag="776" ind1="0" ind2="8">
    <subfield code="i">Print version :</subfield>
    <subfield code="z">9781472151056</subfield>
  </datafield>
  <datafield tag="800" ind1="1" ind2=" ">
    <subfield code="a">McGuire, Seanan</subfield>
    <subfield code="d">1978-</subfield>
    <subfield code="t">October Daye</subfield>
    <subfield code="v">10</subfield>
    <subfield code="1">https://www.goodreads.com/series/171685</subfield>
  </datafield>
  <datafield tag="859" ind1=" " ind2=" ">
    <subfield code="a">ELD</subfield>
    <subfield code="b">ebook</subfield>
  </datafield>
</record>