



<record id="025">
  <!--done-->
  <leader>02421aam a22006251i 4500</leader>
  <controlfield tag="001">019060925</controlfield>
  <controlfield tag="003">Uk</controlfield>
  <controlfield tag="005">20180924020808.0</controlfield>
  <controlfield tag="006">m    ||  d |</controlfield>
  <controlfield tag="007">cr |||||||||||</controlfield>
  <controlfield tag="008">181004s2018    nyub   do     000 1 eng d</controlfield>
  <datafield tag="015" ind1=" " ind2=" ">
    <subfield code="a">GBB8J1094</subfield>
    <subfield code="2">bnb</subfield>
  </datafield>
  <datafield tag="020" ind1=" " ind2=" ">
    <subfield code="a">9780062795342</subfield>
    <subfield code="q">(electronic bk.)</subfield>
  </datafield>
  <datafield tag="020" ind1=" " ind2=" ">
    <subfield code="a">0062795341</subfield>
    <subfield code="q">(electronic bk.)</subfield>
  </datafield>
  <datafield tag="020" ind1=" " ind2=" ">
    <subfield code="z">0062795325</subfield>
  </datafield>
  <datafield tag="020" ind1=" " ind2=" ">
    <subfield code="z">9780062795328</subfield>
  </datafield>
  <datafield tag="037" ind1=" " ind2=" ">
    <subfield code="a">com.harpercollins.9780062795342</subfield>
    <subfield code="b">Katherine Tegen Books</subfield>
  </datafield>
  <datafield tag="040" ind1=" " ind2=" ">
    <subfield code="e">rda</subfield>
    <subfield code="e">pn</subfield>
  </datafield>
  <datafield tag="042" ind1=" " ind2=" ">
    <subfield code="a">ukblsr</subfield>
  </datafield>
  <datafield tag="050" ind1=" " ind2="4">
    <subfield code="a">PZ7.1.L42</subfield>
    <subfield code="b">Lad 2018eb</subfield>
  </datafield>
  <datafield tag="082" ind1="0" ind2="4">
    <subfield code="a">813.6</subfield>
    <subfield code="2">23</subfield>
  </datafield>
  <datafield tag="100" ind1="1" ind2=" ">
    <subfield code="a">Lee, Mackenzi,</subfield>
    <subfield code="1">http://viaf.org/viaf/311768712</subfield>
    <subfield code="4">aut</subfield>
  </datafield>
  <datafield tag="240" ind1="0" ind2=" ">
    <subfield code="a">The lady's guide to petticoats and piracy</subfield>
    <subfield code="1">https://www.goodreads.com/book/show/37880094</subfield>
  </datafield>
  <datafield tag="245" ind1="1" ind2="4">
    <subfield code="a">The lady's guide to petticoats and piracy /</subfield>
    <subfield code="c">Mackenzi Lee.</subfield>
  </datafield>
  <datafield tag="264" ind1=" " ind2="1">
    <subfield code="a">New York, NY :</subfield>
    <subfield code="b">Katherine Tegen Books, an imprint of HarperCollins Publishers,</subfield>
    <subfield code="c">[2018].</subfield>
  </datafield>
  <datafield tag="300" ind1=" " ind2=" ">
    <subfield code="a">1 online resource (450 pages) :</subfield>
    <subfield code="b">map.</subfield>
  </datafield>
  <datafield tag="336" ind1=" " ind2=" ">
    <subfield code="a">text</subfield>
    <subfield code="b">txt</subfield>
    <subfield code="1">http://rdaregistry.info/termList/RDAContentType/1020</subfield>
    <subfield code="2">rdacontent</subfield>
  </datafield>
  <datafield tag="337" ind1=" " ind2=" ">
    <subfield code="a">computer</subfield>
    <subfield code="b">c</subfield>
    <subfield code="1">http://rdaregistry.info/termList/RDAMediaType/1003</subfield>
    <subfield code="2">rdamedia</subfield>
  </datafield>
  <datafield tag="338" ind1="1" ind2="0">
    <subfield code="a">online resource</subfield>
    <subfield code="b">cr</subfield>
    <subfield code="1">http://rdaregistry.info/termList/RDACarrierType/1018</subfield>
    <subfield code="2">rdacarrier</subfield>
  </datafield>
  <datafield tag="380" ind1=" " ind2=" ">
    <subfield code="a">Novels</subfield>
    <subfield code="1">http://id.loc.gov/authorities/genreForms/gf2015026020</subfield>
    <subfield code="2">lcgft</subfield>
  </datafield>
  <datafield tag="490" ind1="1" ind2=" ">
    <subfield code="a">Montague siblings ;</subfield>
    <subfield code="v">2</subfield>
  </datafield>
  <datafield tag="500" ind1=" " ind2=" ">
    <subfield code="a">"The sequel to The Gentleman's Guide to Vice and Virtue"--Dust jacket.</subfield>
  </datafield>
  <datafield tag="588" ind1="0" ind2=" ">
    <subfield code="a">Print version record.</subfield>
  </datafield>
  <datafield tag="650" ind1=" " ind2="7">
    <subfield code="a">YOUNG ADULT FICTION: Romance</subfield>
    <subfield code="x">Historical *.</subfield>
    <subfield code="2">bisacsh</subfield>
  </datafield>
  <datafield tag="650" ind1=" " ind2="0">
    <subfield code="a">Sexism</subfield>
    <subfield code="v">Juvenile fiction</subfield>
  </datafield>
  <datafield tag="650" ind1=" " ind2="0">
    <subfield code="a">Identity (Psychology)</subfield>
    <subfield code="v">Juvenile fiction</subfield>
  </datafield>
  <datafield tag="650" ind1=" " ind2="1">
    <subfield code="a">Young women</subfield>
    <subfield code="v">Fiction.</subfield>
  </datafield>
  <datafield tag="650" ind1=" " ind2="1">
    <subfield code="a">Female friendship</subfield>
    <subfield code="v">Fiction.</subfield>
  </datafield>
  <datafield tag="650" ind1=" " ind2="1">
    <subfield code="a">Sexism</subfield>
    <subfield code="v">Fiction.</subfield>
  </datafield>
  <datafield tag="650" ind1=" " ind2="1">
    <subfield code="a">Identity</subfield>
    <subfield code="v">Fiction.</subfield>
  </datafield>
  <datafield tag="650" ind1=" " ind2="7">
    <subfield code="a">YOUNG ADULT FICTION: Family</subfield>
    <subfield code="x">Siblings *.</subfield>
    <subfield code="2">bisacsh</subfield>
  </datafield>
  <datafield tag="650" ind1=" " ind2="7">
    <subfield code="a">YOUNG ADULT FICTION: Social Themes</subfield>
    <subfield code="x">Class Differences *.</subfield>
    <subfield code="2">bisacsh</subfield>
  </datafield>
  <datafield tag="651" ind1=" " ind2="0">
    <subfield code="a">Europe</subfield>
    <subfield code="v">Juvenile fiction</subfield>
  </datafield>
  <datafield tag="651" ind1=" " ind2="1">
    <subfield code="a">Europe</subfield>
    <subfield code="v">Fiction.</subfield>
  </datafield>
  <datafield tag="655" ind1=" " ind2="7">
    <subfield code="a">Historical fiction</subfield>
    <subfield code="2">lcgft</subfield>
  </datafield>
  <datafield tag="655" ind1=" " ind2="7">
    <subfield code="a">Action and adventure fiction</subfield>
    <subfield code="2">lcgft</subfield>
  </datafield>
  <datafield tag="655" ind1=" " ind2="7">
    <subfield code="a">Historical fiction</subfield>
    <subfield code="2">fast</subfield>
    <subfield code="0">(OCoLC)fst01726640</subfield>
  </datafield>
  <datafield tag="655" ind1=" " ind2="7">
    <subfield code="a">Humorous fiction</subfield>
    <subfield code="2">fast</subfield>
    <subfield code="0">(OCoLC)fst01726649</subfield>
  </datafield>
  <datafield tag="655" ind1=" " ind2="7">
    <subfield code="a">Novels.</subfield>
    <subfield code="2">fast</subfield>
    <subfield code="0">(OCoLC)fst01921742</subfield>
  </datafield>
  <datafield tag="655" ind1=" " ind2="7">
    <subfield code="a">Romance fiction</subfield>
    <subfield code="2">fast</subfield>
    <subfield code="0">(OCoLC)fst01921732</subfield>
  </datafield>
  <datafield tag="655" ind1=" " ind2="4">
    <subfield code="a">Electronic books.</subfield>
  </datafield>
  <datafield tag="700" ind1="1" ind2=" ">
    <subfield code="a">Lee, Mackenzi</subfield>
    <subfield code="t">The gentleman's guide to vice and virtue</subfield>
    <subfield code="4">http://rdaregistry.info/Elements/w/prequelWork.en</subfield>
    <subfield code="1">https://www.goodreads.com/book/show/29283884</subfield>
  </datafield>
  <datafield tag="800" ind1="1" ind2=" ">
    <subfield code="a">Lee, Mackenzi,</subfield>
    <subfield code="t">Montague siblings ;</subfield>
    <subfield code="v">2</subfield>
    <subfield code="1">https://www.goodreads.com/series/211406</subfield>
    <subfield code="4">aut</subfield>
  </datafield>
  <datafield tag="859" ind1=" " ind2=" ">
    <subfield code="a">ELD</subfield>
    <subfield code="b">ebook</subfield>
  </datafield>
</record>