

<record id="027">
  <!--done-->
  <leader>01007nam a22002895i 4500</leader>
  <controlfield tag="001">018720068</controlfield>
  <controlfield tag="003">Uk</controlfield>
  <controlfield tag="005">20190208204645.0</controlfield>
  <controlfield tag="006">m    ||  d |</controlfield>
  <controlfield tag="007">cr |||||||||||</controlfield>
  <controlfield tag="008">180129s2015    xxu||||do    |||| ||eng</controlfield>
  <datafield tag="020" ind1=" " ind2=" ">
    <subfield code="a">9780062382795</subfield>
    <subfield code="q">Electronic book (EPUB format)</subfield>
  </datafield>
  <datafield tag="020" ind1=" " ind2=" ">
    <subfield code="a">0062382799</subfield>
    <subfield code="q">Electronic book (EPUB format)</subfield>
  </datafield>
  <datafield tag="020" ind1=" " ind2=" ">
    <subfield code="z">9780062382771</subfield>
    <subfield code="q">print</subfield>
  </datafield>
  <datafield tag="037" ind1=" " ind2=" ">
    <subfield code="a">9780062382795</subfield>
    <subfield code="b">HarperCollins US</subfield>
  </datafield>
  <datafield tag="040" ind1=" " ind2=" ">
    <subfield code="e"/>
  </datafield>
  <datafield tag="100" ind1="1" ind2=" ">
    <subfield code="a">Lee, Mackenzi,</subfield>
    <subfield code="1">http://viaf.org/viaf/311768712</subfield>
    <subfield code="4">aut</subfield>
  </datafield>
  <datafield tag="240" ind1="0" ind2=" ">
    <subfield code="a">This monstrous thing</subfield>
    <subfield code="1">https://www.goodreads.com/book/show/22811807</subfield>
  </datafield>
  <datafield tag="245" ind1="1" ind2="0">
    <subfield code="a">This monstrous thing /</subfield>
    <subfield code="c">Mackenzi Lee.</subfield>
  </datafield>
  <datafield tag="264" ind1=" " ind2="1">
    <subfield code="a">New York :</subfield>
    <subfield code="b">Katherine Tegen Books,</subfield>
    <subfield code="c">2015.</subfield>
  </datafield>
  <datafield tag="300" ind1=" " ind2=" ">
    <subfield code="a">1 online resource (384 pages).</subfield>
  </datafield>
  <datafield tag="336" ind1=" " ind2=" ">
    <subfield code="a">text</subfield>
    <subfield code="b">txt</subfield>
    <subfield code="1">http://rdaregistry.info/termList/RDAContentType/1020</subfield>
    <subfield code="2">rdacontent</subfield>
  </datafield>
  <datafield tag="337" ind1=" " ind2=" ">
    <subfield code="a">computer</subfield>
    <subfield code="b">c</subfield>
    <subfield code="1">http://rdaregistry.info/termList/RDAMediaType/1003</subfield>
    <subfield code="2">rdamedia</subfield>
  </datafield>
  <datafield tag="338" ind1="1" ind2="0">
    <subfield code="a">online resource</subfield>
    <subfield code="b">cr</subfield>
    <subfield code="1">http://rdaregistry.info/termList/RDACarrierType/1018</subfield>
    <subfield code="2">rdacarrier</subfield>
  </datafield>
  <datafield tag="380" ind1=" " ind2=" ">
    <subfield code="a">Novels</subfield>
    <subfield code="1">http://id.loc.gov/authorities/genreForms/gf2015026020</subfield>
    <subfield code="2">lcgft</subfield>
  </datafield>
  <datafield tag="700" ind1="1" ind2=" ">
    <subfield code="4">http://rdaregistry.info/Elements/w/inspiredBy.en</subfield>
    <subfield code="t">Frankensten, or, the modern Prometheus</subfield>
    <subfield code="1">https://www.goodreads.com/book/show/35031085</subfield>
  </datafield>
  <datafield tag="859" ind1=" " ind2=" ">
    <subfield code="a">ELD</subfield>
    <subfield code="b">ebook</subfield>
  </datafield>
</record>