


<record id="028">
  <!--done-->
  <leader>01669pam a2200433 i 4500</leader>
  <controlfield tag="001">017553868</controlfield>
  <controlfield tag="003">Uk</controlfield>
  <controlfield tag="005">20170320144617.0</controlfield>
  <controlfield tag="008">141120s2015    nyu    d b    000 1 eng</controlfield>
  <datafield tag="010" ind1=" " ind2=" ">
    <subfield code="a">2014041260</subfield>
  </datafield>
  <datafield tag="015" ind1=" " ind2=" ">
    <subfield code="a">GBB5C8332</subfield>
    <subfield code="2">bnb</subfield>
  </datafield>
  <datafield tag="016" ind1="7" ind2=" ">
    <subfield code="a">017553868</subfield>
    <subfield code="2">Uk</subfield>
  </datafield>
  <datafield tag="020" ind1=" " ind2=" ">
    <subfield code="a">9780062382771 (hardcover) :</subfield>
    <subfield code="c">£10.99</subfield>
  </datafield>
  <datafield tag="040" ind1=" " ind2=" ">
    <subfield code="e">rda</subfield>
  </datafield>
  <datafield tag="042" ind1=" " ind2=" ">
    <subfield code="a">ukblcatcopy</subfield>
  </datafield>
  <datafield tag="050" ind1="0" ind2="0">
    <subfield code="a">PZ7.1.L42</subfield>
    <subfield code="b">Thi 2015</subfield>
  </datafield>
  <datafield tag="082" ind1="0" ind2="0">
    <subfield code="a">813.6</subfield>
    <subfield code="2">23</subfield>
  </datafield>
  <datafield tag="100" ind1="1" ind2=" ">
    <subfield code="a">Lee, Mackenzi</subfield>
    <subfield code="1">http://viaf.org/viaf/311768712</subfield>
    <subfield code="4">aut</subfield>
  </datafield>
  <datafield tag="240" ind1="0" ind2=" ">
    <subfield code="a">This monstrous thing</subfield>
    <subfield code="1">https://www.goodreads.com/book/show/22811807</subfield>
  </datafield>
  <datafield tag="245" ind1="1" ind2="0">
    <subfield code="a">This monstrous thing /</subfield>
    <subfield code="c">Mackenzi Lee</subfield>
  </datafield>
  <datafield tag="250" ind1=" " ind2=" ">
    <subfield code="a">First edition.</subfield>
  </datafield>
  <datafield tag="264" ind1=" " ind2="1">
    <subfield code="a">New York, NY :</subfield>
    <subfield code="b">Katherine Tegen Books, an imprint of Harper Collins Publishers,</subfield>
    <subfield code="c">[2015]</subfield>
  </datafield>
  <datafield tag="300" ind1=" " ind2=" ">
    <subfield code="a">371 pages ;</subfield>
    <subfield code="c">22 cm</subfield>
  </datafield>
  <datafield tag="336" ind1=" " ind2=" ">
    <subfield code="a">text</subfield>
    <subfield code="b">txt</subfield>
    <subfield code="1">http://rdaregistry.info/termList/RDAContentType/1020</subfield>
    <subfield code="2">rdacontent</subfield>
  </datafield>
  <datafield tag="337" ind1=" " ind2=" ">
    <subfield code="a">unmediated</subfield>
    <subfield code="b">n</subfield>
    <subfield code="1">http://rdaregistry.info/termList/RDAMediaType/1007</subfield>
    <subfield code="2">rdamedia</subfield>
  </datafield>
  <datafield tag="338" ind1="1" ind2="0">
    <subfield code="a">volume</subfield>
    <subfield code="b">nc</subfield>
    <subfield code="1">http://rdaregistry.info/termList/RDACarrierType/1049</subfield>
    <subfield code="2">rdacarrier</subfield>
  </datafield>
  <datafield tag="380" ind1=" " ind2=" ">
    <subfield code="a">Novels</subfield>
    <subfield code="1">http://id.loc.gov/authorities/genreForms/gf2015026020</subfield>
    <subfield code="2">lcgft</subfield>
  </datafield>
  <datafield tag="520" ind1=" " ind2=" ">
    <subfield code="a">"When a talented mechanic in 1818 Geneva brings his brother back from the dead using clockwork parts, the citizens of Geneva think they may have inspired the recently published novel Frankenstein"--</subfield>
    <subfield code="c">Provided by publisher.</subfield>
  </datafield>
  <datafield tag="504" ind1=" " ind2=" ">
    <subfield code="a">Includes bibliographical references (page 371).</subfield>
  </datafield>
  <datafield tag="500" ind1=" " ind2=" ">
    <subfield code="a">Formerly CIP.</subfield>
    <subfield code="5">Uk</subfield>
  </datafield>
  <datafield tag="600" ind1="1" ind2="1">
    <subfield code="a">Shelley, Mary Wollstonecraft,</subfield>
    <subfield code="d">1797-1851.</subfield>
    <subfield code="t">Frankenstein</subfield>
    <subfield code="v">Fiction.</subfield>
    <subfield code="1">https://www.goodreads.com/book/show/35031085</subfield>
  </datafield>
  <datafield tag="650" ind1=" " ind2="1">
    <subfield code="a">Cyborgs</subfield>
    <subfield code="v">Fiction.</subfield>
  </datafield>
  <datafield tag="650" ind1=" " ind2="1">
    <subfield code="a">Supernatural</subfield>
    <subfield code="v">Fiction.</subfield>
  </datafield>
  <datafield tag="651" ind1=" " ind2="1">
    <subfield code="a">Geneva, Lake (Switzerland and France)</subfield>
    <subfield code="x">History</subfield>
    <subfield code="y">19th century</subfield>
    <subfield code="v">Fiction.</subfield>
    <subfield code="1">https://www.wikidata.org/wiki/Q6403</subfield>
  </datafield>
  <datafield tag="651" ind1=" " ind2="1">
    <subfield code="a">Switzerland</subfield>
    <subfield code="x">History</subfield>
    <subfield code="y">19th century</subfield>
    <subfield code="v">Fiction.</subfield>
    <subfield code="1">https://www.wikidata.org/wiki/Q39</subfield>
  </datafield>
  <datafield tag="655" ind1=" " ind2="0">
    <subfield code="a">Steampunk fiction</subfield>
  </datafield>
  <datafield tag="655" ind1=" " ind2="0">
    <subfield code="a">Young adult fiction</subfield>
  </datafield>
  <datafield tag="650" ind1=" " ind2="1">
    <subfield code="a">Science fiction</subfield>
  </datafield>
  <datafield tag="700" ind1="1" ind2=" ">
    <subfield code="4">http://rdaregistry.info/Elements/w/inspiredBy.en</subfield>
    <subfield code="t">Frankensten, or, the modern Prometheus</subfield>
    <subfield code="1">https://www.goodreads.com/book/show/35031085</subfield>
  </datafield>
</record>