


<record id="029">
  <!--done-->
  <leader>01105pam a22003491i 4500</leader>
  <controlfield tag="001">019049659</controlfield>
  <controlfield tag="003">Uk</controlfield>
  <controlfield tag="005">20181209020915.0</controlfield>
  <controlfield tag="006">m    ||  d |</controlfield>
  <controlfield tag="007">cr |||||||||||</controlfield>
  <controlfield tag="008">180726s2018    enk     o     000|j|eng|d</controlfield>
  <datafield tag="015" ind1=" " ind2=" ">
    <subfield code="a">GBB8G8891</subfield>
    <subfield code="2">bnb</subfield>
  </datafield>
  <datafield tag="020" ind1=" " ind2=" ">
    <subfield code="a">9780356512532 (ePub ebook) :</subfield>
    <subfield code="c">£8.99</subfield>
  </datafield>
  <datafield tag="020" ind1=" " ind2=" ">
    <subfield code="z">9780316491341 (hbk.) :</subfield>
    <subfield code="c">No price</subfield>
  </datafield>
  <datafield tag="020" ind1=" " ind2=" ">
    <subfield code="z">9780356512549 (pbk.) :</subfield>
    <subfield code="c">£8.99</subfield>
  </datafield>
  <datafield tag="037" ind1=" " ind2=" ">
    <subfield code="a">HachetteUK685878</subfield>
    <subfield code="b">Ingram Content Group</subfield>
  </datafield>
  <datafield tag="040" ind1=" " ind2=" ">
    <subfield code="e">rda</subfield>
    <subfield code="e">pn</subfield>
  </datafield>
  <datafield tag="042" ind1=" " ind2=" ">
    <subfield code="a">ukblsr</subfield>
  </datafield>
  <datafield tag="082" ind1="0" ind2="4">
    <subfield code="a">813.6</subfield>
    <subfield code="2">23</subfield>
  </datafield>
  <datafield tag="100" ind1="1" ind2=" ">
    <subfield code="a">Jemisin, N. K.</subfield>
    <subfield code="d">1972-</subfield>
    <subfield code="0">http://viaf.org/viaf/160100764</subfield>
    <subfield code="4">aut</subfield>
  </datafield>
  <datafield tag="240" ind1="0" ind2=" ">
    <subfield code="a">How long 'til black future month?</subfield>
    <subfield code="1">https://www.goodreads.com/book/show/40855636</subfield>
  </datafield>
  <datafield tag="245" ind1="1" ind2="0">
    <subfield code="a">How long 'til black future month? /</subfield>
    <subfield code="c">N. K. Jemisin.</subfield>
  </datafield>
  <datafield tag="264" ind1=" " ind2="1">
    <subfield code="a">London :</subfield>
    <subfield code="b">Orbit,</subfield>
    <subfield code="c">2018.</subfield>
  </datafield>
  <datafield tag="300" ind1=" " ind2=" ">
    <subfield code="a">1 online resource.</subfield>
  </datafield>
  <datafield tag="336" ind1=" " ind2=" ">
    <subfield code="a">text</subfield>
    <subfield code="b">txt</subfield>
    <subfield code="1">http://rdaregistry.info/termList/RDAContentType/1020</subfield>
    <subfield code="2">rdacontent</subfield>
  </datafield>
  <datafield tag="337" ind1=" " ind2=" ">
    <subfield code="a">computer</subfield>
    <subfield code="b">c</subfield>
    <subfield code="1">http://rdaregistry.info/termList/RDAMediaType/1003</subfield>
    <subfield code="2">rdamedia</subfield>
  </datafield>
  <datafield tag="338" ind1="1" ind2="0">
    <subfield code="a">online resource</subfield>
    <subfield code="b">cr</subfield>
    <subfield code="1">http://rdaregistry.info/termList/RDACarrierType/1018</subfield>
    <subfield code="2">rdacarrier</subfield>
  </datafield>
  <datafield tag="380" ind1=" " ind2=" ">
    <subfield code="a">Short stories</subfield>
    <subfield code="1">http://id.loc.gov/authorities/genreForms/gf2014026542</subfield>
    <subfield code="2">lcgft</subfield>
  </datafield>
  <datafield tag="588" ind1=" " ind2=" ">
    <subfield code="a">Description based on CIP data; resource not viewed.</subfield>
  </datafield>
  <datafield tag="650" ind1=" " ind2="0">
    <subfield code="a">Short stories, American</subfield>
  </datafield>
  <datafield tag="776" ind1="0" ind2="8">
    <subfield code="i">Print version :</subfield>
    <subfield code="z">9780316491341</subfield>
  </datafield>
  <datafield tag="859" ind1=" " ind2=" ">
    <subfield code="a">ELD</subfield>
    <subfield code="b">ebook</subfield>
  </datafield>
</record>