

<record id="042">
  <!--done-->
  <leader>00705 am a22002777a 4500</leader>
  <controlfield tag="001">011309314</controlfield>
  <controlfield tag="005">20091122175300.0</controlfield>
  <controlfield tag="008">930317r19931982enk    ||     000 1|eng</controlfield>
  <datafield tag="015" ind1=" " ind2=" ">
    <subfield code="a">GB9317071</subfield>
    <subfield code="2">bnb</subfield>
  </datafield>
  <datafield tag="019" ind1="y" ind2=" ">
    <subfield code="a">b9317071</subfield>
  </datafield>
  <datafield tag="019" ind1="9" ind2=" ">
    <subfield code="a">0140177191</subfield>
  </datafield>
  <datafield tag="019" ind1="1" ind2=" ">
    <subfield code="a">0140177191</subfield>
  </datafield>
  <datafield tag="020" ind1=" " ind2=" ">
    <subfield code="a">0140177191 (pbk) :</subfield>
    <subfield code="c">£5.99</subfield>
  </datafield>
  <datafield tag="039" ind1="0" ind2=" ">
    <subfield code="a">2232</subfield>
  </datafield>
  <datafield tag="040" ind1=" " ind2=" ">
    <subfield code="e"/>
  </datafield>
  <datafield tag="082" ind1="0" ind2="4">
    <subfield code="a">813.54</subfield>
    <subfield code="2">20</subfield>
  </datafield>
  <datafield tag="100" ind1="1" ind2=" ">
    <subfield code="a">Bradley, Marion Zimmer,</subfield>
    <subfield code="d">1930-1999</subfield>
    <subfield code="1">http://viaf.org/viaf/66464308</subfield>
    <subfield code="4">aut</subfield>
  </datafield>
  <datafield tag="240" ind1="1" ind2="4">
    <subfield code="a">The mists of Avalon /</subfield>
    <subfield code="1">https://www.goodreads.com/book/show/40605251</subfield>
  </datafield>
  <datafield tag="245" ind1="1" ind2="4">
    <subfield code="a">The mists of Avalon /</subfield>
  </datafield>
  <datafield tag="260" ind1=" " ind2=" ">
    <subfield code="b">Penguin,</subfield>
    <subfield code="c">1993.</subfield>
  </datafield>
  <datafield tag="300" ind1=" " ind2=" ">
    <subfield code="a">xi, 1009 pages.</subfield>
  </datafield>
  <datafield tag="336" ind1=" " ind2=" ">
    <subfield code="a">text</subfield>
    <subfield code="b">txt</subfield>
    <subfield code="1">http://rdaregistry.info/termList/RDAContentType/1020</subfield>
    <subfield code="2">rdacontent</subfield>
  </datafield>
  <datafield tag="337" ind1=" " ind2=" ">
    <subfield code="a">unmediated</subfield>
    <subfield code="b">n</subfield>
    <subfield code="1">http://rdaregistry.info/termList/RDAMediaType/1007</subfield>
    <subfield code="2">rdamedia</subfield>
  </datafield>
  <datafield tag="338" ind1="1" ind2="0">
    <subfield code="a">volume</subfield>
    <subfield code="b">nc</subfield>
    <subfield code="1">http://rdaregistry.info/termList/RDACarrierType/1049</subfield>
    <subfield code="2">rdacarrier</subfield>
  </datafield>
  <datafield tag="380" ind1=" " ind2=" ">
    <subfield code="a">Novels</subfield>
    <subfield code="1">http://id.loc.gov/authorities/genreForms/gf2015026020</subfield>
    <subfield code="2">lcgft</subfield>
  </datafield>
  <datafield tag="600">
    <subfield code="a">Arthur, King (legendary figure)</subfield>
    <subfield code="1">https://www.wikidata.org/wiki/Q45792</subfield>
    <subfield code="4">dpc</subfield>
  </datafield>
  <datafield tag="600">
    <subfield code="a">Morgana le Fay (Arthurian legend character)</subfield>
    <subfield code="1">https://www.wikidata.org/wiki/Q321305</subfield>
    <subfield code="4">dpc</subfield>
  </datafield>
  <datafield tag="653" ind1="1" ind2=" ">
    <subfield code="a">English fiction</subfield>
  </datafield>
  <datafield tag="653" ind1="1" ind2=" ">
    <subfield code="a">United States</subfield>
  </datafield>
  <datafield tag="800" ind1="1" ind2=" ">
    <subfield code="a">Bradley, Marion Zimmer</subfield>
    <subfield code="t">Avalon</subfield>
    <subfield code="v">1</subfield>
    <subfield code="1">https://www.goodreads.com/series/51187</subfield>
  </datafield>
</record>