


<record id="043">
  <!--done-->
  <leader>01072 am a2200289ua 4500</leader>
  <controlfield tag="001">009254363</controlfield>
  <controlfield tag="005">20160213180600.0</controlfield>
  <controlfield tag="008">980625s1997    gw     ||     001 ||ger</controlfield>
  <datafield tag="019" ind1="1" ind2=" ">
    <subfield code="a">bld0078780</subfield>
  </datafield>
  <datafield tag="020" ind1=" " ind2=" ">
    <subfield code="a">3770008367 (pbk)</subfield>
  </datafield>
  <datafield tag="040" ind1=" " ind2=" ">
    <subfield code="e"/>
  </datafield>
  <datafield tag="100" ind1="1" ind2="0">
    <subfield code="a">Templin, Olaf,</subfield>
    <subfield code="d">1964-</subfield>
    <subfield code="1">http://viaf.org/viaf/64713189</subfield>
    <subfield code="4">aut</subfield>
  </datafield>
  <datafield tag="240" ind1="0" ind2=" ">
    <subfield code="a">Tafelrunde und Gral, zur Funktion von Religion in Thomas Malorys Le morte Darthur und Marion Zimmer Bradleys The mists of Avalon</subfield>
    <subfield code="1">https://www.goodreads.com/book/show/18893</subfield>
  </datafield>
  <datafield tag="245" ind1="1" ind2="0">
    <subfield code="a">Tafelrunde und Gral :</subfield>
    <subfield code="b">zur Funktion von Religion in Thomas Malorys Le morte Darthur und Marion Zimmer Bradleys The mists of Avalon /</subfield>
    <subfield code="c">Olaf Templin.</subfield>
  </datafield>
  <datafield tag="260" ind1=" " ind2=" ">
    <subfield code="a">Düsseldorf :</subfield>
    <subfield code="b">Droste,</subfield>
    <subfield code="c">c1997.</subfield>
  </datafield>
  <datafield tag="300" ind1=" " ind2=" ">
    <subfield code="a">316 pages ;</subfield>
    <subfield code="c">22cm.</subfield>
  </datafield>
  <datafield tag="336" ind1=" " ind2=" ">
    <subfield code="a">text</subfield>
    <subfield code="b">txt</subfield>
    <subfield code="1">http://rdaregistry.info/termList/RDAContentType/1020</subfield>
    <subfield code="2">rdacontent</subfield>
  </datafield>
  <datafield tag="337" ind1=" " ind2=" ">
    <subfield code="a">unmediated</subfield>
    <subfield code="b">n</subfield>
    <subfield code="1">http://rdaregistry.info/termList/RDAMediaType/1007</subfield>
    <subfield code="2">rdamedia</subfield>
  </datafield>
  <datafield tag="338" ind1="1" ind2="0">
    <subfield code="a">volume</subfield>
    <subfield code="b">nc</subfield>
    <subfield code="1">http://rdaregistry.info/termList/RDACarrierType/1049</subfield>
    <subfield code="2">rdacarrier</subfield>
  </datafield>
  <datafield tag="380" ind1=" " ind2=" ">
    <subfield code="a">Academic theses</subfield>
    <subfield code="1">http://id.loc.gov/authorities/genreForms/gf2014026039</subfield>
    <subfield code="2">lcgft</subfield>
  </datafield>
  <datafield tag="490" ind1="1" ind2=" ">
    <subfield code="a">Studia humaniora ;</subfield>
    <subfield code="v">Bd.31</subfield>
  </datafield>
  <datafield tag="500" ind1=" " ind2=" ">
    <subfield code="a">Bibliography: p296-310. _ Includes index.</subfield>
  </datafield>
  <datafield tag="502" ind1=" " ind2=" ">
    <subfield code="a">Revised doctoral thesis - Universität Düsseldorf, 1997.</subfield>
  </datafield>
  <datafield tag="600" ind1="1" ind2="4">
    <subfield code="a">Malory, Thomas,</subfield>
    <subfield code="c">Sir,</subfield>
    <subfield code="d">active 15th century.</subfield>
    <subfield code="t">Morte d'Arthur.</subfield>
    <subfield code="1">https://www.goodreads.com/book/show/672875</subfield>
  </datafield>
  <datafield tag="600" ind1="1" ind2="4">
    <subfield code="a">Bradley, Marion Zimmer,</subfield>
    <subfield code="t">Mists of Avalon.</subfield>
    <subfield code="1">https://www.goodreads.com/book/show/40605251</subfield>
  </datafield>
  <datafield tag="650" ind1=" " ind2="0">
    <subfield code="a">Religion in literature</subfield>
  </datafield>
  <datafield tag="700" ind1="1" ind2=" ">
    <subfield code="a">Bradley, Marion Zimmer,</subfield>
    <subfield code="t">The mists of Avalon</subfield>
    <subfield code="4">http://rdaregistry.info/Elements/w/critiqueOfWork.en</subfield>
    <subfield code="1">https://www.goodreads.com/book/show/40605251</subfield>
  </datafield>
  <datafield tag="830" ind1=" " ind2="0">
    <subfield code="a">Studia humaniora ;</subfield>
    <subfield code="v">Bd.31.</subfield>
    <subfield code="1">https://www.worldcat.org/title/studia-humaniora/oclc/798366766</subfield>
  </datafield>
</record>