


<record id="046">
  <!--done-->
  <leader>00883pam a2200301 i 4500</leader>
  <controlfield tag="001">017604567</controlfield>
  <controlfield tag="003">Uk</controlfield>
  <controlfield tag="005">20170406115446.0</controlfield>
  <controlfield tag="008">150827s2016    enk           000|1|eng|d</controlfield>
  <datafield tag="015" ind1=" " ind2=" ">
    <subfield code="a">GBB5F9794</subfield>
    <subfield code="2">bnb</subfield>
  </datafield>
  <datafield tag="016" ind1="7" ind2=" ">
    <subfield code="a">017604567</subfield>
    <subfield code="2">Uk</subfield>
  </datafield>
  <datafield tag="020" ind1=" " ind2=" ">
    <subfield code="a">9781785650550 (paperback) :</subfield>
    <subfield code="c">£7.99</subfield>
  </datafield>
  <datafield tag="020" ind1=" " ind2=" ">
    <subfield code="z">9781785650567 (E-book)</subfield>
  </datafield>
  <datafield tag="040" ind1=" " ind2=" ">
    <subfield code="e">rda</subfield>
  </datafield>
  <datafield tag="042" ind1=" " ind2=" ">
    <subfield code="a">ukblcatcopy</subfield>
  </datafield>
  <datafield tag="082" ind1="0" ind2="4">
    <subfield code="a">813.6</subfield>
    <subfield code="2">23</subfield>
  </datafield>
  <datafield tag="100" ind1="1" ind2=" ">
    <subfield code="a">Anders, Charlie Jane,</subfield>
    <subfield code="1">http://viaf.org/viaf/26466367</subfield>
    <subfield code="4">aut</subfield>
  </datafield>
  <datafield tag="240" ind1="0" ind2=" ">
    <subfield code="a">All the birds in the sky</subfield>
    <subfield code="1">https://www.goodreads.com/book/show/25372801</subfield>
  </datafield>
  <datafield tag="245" ind1="1" ind2="0">
    <subfield code="a">All the birds in the sky /</subfield>
    <subfield code="c">Charlie Jane Anders.</subfield>
  </datafield>
  <datafield tag="250" ind1=" " ind2=" ">
    <subfield code="a">First edition.</subfield>
  </datafield>
  <datafield tag="264" ind1=" " ind2="1">
    <subfield code="a">London :</subfield>
    <subfield code="b">Titan Books,</subfield>
    <subfield code="c">2016.</subfield>
  </datafield>
  <datafield tag="300" ind1=" " ind2=" ">
    <subfield code="a">431 pages ;</subfield>
    <subfield code="c">20 cm</subfield>
  </datafield>
  <datafield tag="336" ind1=" " ind2=" ">
    <subfield code="a">text</subfield>
    <subfield code="b">txt</subfield>
    <subfield code="1">http://rdaregistry.info/termList/RDAContentType/1020</subfield>
    <subfield code="2">rdacontent</subfield>
  </datafield>
  <datafield tag="337" ind1=" " ind2=" ">
    <subfield code="a">unmediated</subfield>
    <subfield code="b">n</subfield>
    <subfield code="1">http://rdaregistry.info/termList/RDAMediaType/1007</subfield>
    <subfield code="2">rdamedia</subfield>
  </datafield>
  <datafield tag="338" ind1="1" ind2="0">
    <subfield code="a">volume</subfield>
    <subfield code="b">nc</subfield>
    <subfield code="1">http://rdaregistry.info/termList/RDACarrierType/1049</subfield>
    <subfield code="2">rdacarrier</subfield>
  </datafield>
  <datafield tag="380" ind1=" " ind2=" ">
    <subfield code="a">Novels</subfield>
    <subfield code="1">http://id.loc.gov/authorities/genreForms/gf2015026020</subfield>
    <subfield code="2">lcgft</subfield>
  </datafield>
  <datafield tag="500" ind1=" " ind2=" ">
    <subfield code="a">Formerly CIP.</subfield>
    <subfield code="5">Uk</subfield>
  </datafield>
  <datafield tag="655" ind1=" " ind2="0">
    <subfield code="a">Science fiction</subfield>
  </datafield>
</record>