


<record id="049">
  <!--done-->
  <leader>02418cam a2200529 i 4500</leader>
  <controlfield tag="001">20648828</controlfield>
  <controlfield tag="005">20190103163421.0</controlfield>
  <controlfield tag="008">180828t20182017nyua          000 1 eng d</controlfield>
  <datafield tag="010" ind1=" " ind2=" ">
    <subfield code="a">2017278390</subfield>
  </datafield>
  <datafield tag="020" ind1=" " ind2=" ">
    <subfield code="a">9780765393586</subfield>
    <subfield code="q">(hardcover)</subfield>
  </datafield>
  <datafield tag="020" ind1=" " ind2=" ">
    <subfield code="a">0765393581</subfield>
    <subfield code="q">(hardcover)</subfield>
  </datafield>
  <datafield tag="020" ind1=" " ind2=" ">
    <subfield code="z">9780765393579</subfield>
    <subfield code="q">(ebook)</subfield>
  </datafield>
  <datafield tag="035" ind1=" " ind2=" ">
    <subfield code="a">(OCoLC)ocn982650846</subfield>
  </datafield>
  <datafield tag="040" ind1=" " ind2=" ">
    <subfield code="e">rda</subfield>
  </datafield>
  <datafield tag="042" ind1=" " ind2=" ">
    <subfield code="a">lccopycat</subfield>
  </datafield>
  <datafield tag="050" ind1="0" ind2="0">
    <subfield code="a">PS3607.R36395</subfield>
    <subfield code="b">B46 2018</subfield>
  </datafield>
  <datafield tag="082" ind1="0" ind2="4">
    <subfield code="a">813/.6</subfield>
    <subfield code="2">23</subfield>
  </datafield>
  <datafield tag="100" ind1="1" ind2=" ">
    <subfield code="a">McGuire, Seanan,</subfield>
    <subfield code="d">1978-</subfield>
    <subfield code="1">http://viaf.org/viaf/103858307</subfield>
    <subfield code="4">aut</subfield>
  </datafield>
  <datafield tag="240" ind1="0" ind2=" ">
    <subfield code="a">Beneath the sugar sky</subfield>
    <subfield code="1">https://www.goodreads.com/book/show/27366528</subfield>
  </datafield>
  <datafield tag="245" ind1="1" ind2="0">
    <subfield code="a">Beneath the sugar sky /</subfield>
    <subfield code="c">Seanan McGuire.</subfield>
  </datafield>
  <datafield tag="250" ind1=" " ind2=" ">
    <subfield code="a">First edition.</subfield>
  </datafield>
  <datafield tag="264" ind1=" " ind2="1">
    <subfield code="a">New York :</subfield>
    <subfield code="b">Tom Doherty Associates,</subfield>
    <subfield code="c">2018.</subfield>
  </datafield>
  <datafield tag="300" ind1="7" ind2=" ">
    <subfield code="a">174 pages :</subfield>
    <subfield code="b">illustrations ;</subfield>
    <subfield code="c">22 cm</subfield>
  </datafield>
  <datafield tag="336" ind1=" " ind2=" ">
    <subfield code="a">text</subfield>
    <subfield code="b">txt</subfield>
    <subfield code="1">http://rdaregistry.info/termList/RDAContentType/1020</subfield>
    <subfield code="2">rdacontent</subfield>
  </datafield>
  <datafield tag="337" ind1=" " ind2=" ">
    <subfield code="a">unmediated</subfield>
    <subfield code="b">n</subfield>
    <subfield code="1">http://rdaregistry.info/termList/RDAMediaType/1007</subfield>
    <subfield code="2">rdamedia</subfield>
  </datafield>
  <datafield tag="338" ind1="1" ind2="0">
    <subfield code="a">volume</subfield>
    <subfield code="b">nc</subfield>
    <subfield code="1">http://rdaregistry.info/termList/RDACarrierType/1049</subfield>
    <subfield code="2">rdacarrier</subfield>
  </datafield>
  <datafield tag="380" ind1=" " ind2=" ">
    <subfield code="a">Novellas</subfield>
    <subfield code="1">http://id.loc.gov/authorities/genreForms/gf2015026019</subfield>
    <subfield code="2">lcgft</subfield>
  </datafield>
  <datafield tag="490" ind1="r" ind2=" ">
    <subfield code="a">The Wayward children series ;</subfield>
    <subfield code="v">3</subfield>
  </datafield>
  <datafield tag="520" ind1="]" ind2=" ">
    <subfield code="a">Beneath the Sugar Sky returns to Eleanor West's Home for Wayward Children. At this magical boarding school, children who have experienced fantasy adventures are reintroduced to the "real" world. Sumi died years before her prophesied daughter Rini could be born. Rini was born anyway, and now she's trying to bring her mother back from a world without magi</subfield>
  </datafield>
  <datafield tag="650" ind1="." ind2=" ">
    <subfield code="a">Children</subfield>
    <subfield code="x">Institutional care</subfield>
    <subfield code="v">Fictio</subfield>
  </datafield>
  <datafield tag="650" ind1="." ind2=" ">
    <subfield code="a">Magic</subfield>
    <subfield code="v">Fictio</subfield>
  </datafield>
  <datafield tag="650" ind1="." ind2=" ">
    <subfield code="a">Boarding schools</subfield>
    <subfield code="v">Fictio</subfield>
  </datafield>
  <datafield tag="650" ind1="." ind2=" ">
    <subfield code="a">Schools</subfield>
    <subfield code="v">Fictio</subfield>
  </datafield>
  <datafield tag="650" ind1="." ind2=" ">
    <subfield code="a">FICTION</subfield>
    <subfield code="x">Fantasy</subfield>
    <subfield code="x">Contemporary</subfield>
    <subfield code="2">bisac</subfield>
  </datafield>
  <datafield tag="650" ind1="h" ind2=" ">
    <subfield code="a">FICTION</subfield>
    <subfield code="x">Fantasy</subfield>
    <subfield code="x">Dark Fantasy</subfield>
    <subfield code="2">bisac</subfield>
  </datafield>
  <datafield tag="650" ind1="h" ind2=" ">
    <subfield code="a">FICTION</subfield>
    <subfield code="x">Fairy Tales, Folk Tales, Legends &amp; Mythology.</subfield>
    <subfield code="2">bisac</subfield>
  </datafield>
  <datafield tag="650" ind1="h" ind2=" ">
    <subfield code="a">Boarding Schools</subfield>
    <subfield code="2">fast</subfield>
    <subfield code="0">(OCoLC)fst008351</subfield>
  </datafield>
  <datafield tag="650" ind1="2" ind2=" ">
    <subfield code="a">Children</subfield>
    <subfield code="x">Institutional care.</subfield>
    <subfield code="2">fast</subfield>
    <subfield code="0">(OCoLC)fst008550</subfield>
  </datafield>
  <datafield tag="650" ind1="0" ind2=" ">
    <subfield code="a">Magic</subfield>
    <subfield code="2">fast</subfield>
    <subfield code="0">(OCoLC)fst010054</subfield>
  </datafield>
  <datafield tag="650" ind1="8" ind2=" ">
    <subfield code="a">Schools</subfield>
    <subfield code="2">fast</subfield>
    <subfield code="0">(OCoLC)fst011079</subfield>
  </datafield>
  <datafield tag="655" ind1="8" ind2=" ">
    <subfield code="a">Fantasy fiction</subfield>
    <subfield code="2">fast</subfield>
    <subfield code="0">(OCoLC)fst017266</subfield>
  </datafield>
  <datafield tag="655" ind1="7" ind2=" ">
    <subfield code="a">Fiction.</subfield>
    <subfield code="2">fast</subfield>
    <subfield code="0">(OCoLC)fst014237</subfield>
  </datafield>
  <datafield tag="655" ind1="7" ind2=" ">
    <subfield code="a">Fantasy fiction</subfield>
    <subfield code="2">gsa</subfield>
  </datafield>
  <datafield tag="655" ind1="d" ind2=" ">
    <subfield code="a">Fantasy fiction</subfield>
    <subfield code="2">lcg</subfield>
  </datafield>
  <datafield tag="700" ind1="1" ind2=" ">
    <subfield code="a">McGuire, Seanan</subfield>
    <subfield code="t">Down among the sticks and bones</subfield>
    <subfield code="4">http://rdaregistry.info/Elements/w/prequelWork.en</subfield>
    <subfield code="1">https://www.goodreads.com/book/show/31450908</subfield>
  </datafield>
  <datafield tag="800" ind1="t" ind2=" ">
    <subfield code="a">McGuire, Seanan.</subfield>
    <subfield code="t">Wayward children ;</subfield>
    <subfield code="v">3</subfield>
    <subfield code="1">https://www.goodreads.com/series/165484</subfield>
    <subfield code="4">aut</subfield>
  </datafield>
</record>