


<record id="050">
  <!--done-->
  <leader>02825cim a2200589 i 4500</leader>
  <controlfield tag="001">20721272</controlfield>
  <controlfield tag="005">20181102184614.0</controlfield>
  <controlfield tag="007">sd fsngnnmmned</controlfield>
  <controlfield tag="008">181026s2017    nyunnn|        f  | eng d</controlfield>
  <datafield tag="010" ind1=" " ind2=" ">
    <subfield code="a">2018628359</subfield>
  </datafield>
  <datafield tag="020" ind1=" " ind2=" ">
    <subfield code="a">9781250308399</subfield>
  </datafield>
  <datafield tag="020" ind1=" " ind2=" ">
    <subfield code="a">1250308399</subfield>
  </datafield>
  <datafield tag="035" ind1=" " ind2=" ">
    <subfield code="a">(OCoLC)on1037133605</subfield>
  </datafield>
  <datafield tag="040" ind1=" " ind2=" ">
    <subfield code="e">rda</subfield>
  </datafield>
  <datafield tag="042" ind1=" " ind2=" ">
    <subfield code="a">lccopycat</subfield>
  </datafield>
  <datafield tag="050" ind1="0" ind2="0">
    <subfield code="a">SDD 08603</subfield>
  </datafield>
  <datafield tag="082" ind1="0" ind2="4">
    <subfield code="a">813/.6</subfield>
    <subfield code="2">23</subfield>
  </datafield>
  <datafield tag="100" ind1="1" ind2=" ">
    <subfield code="a">McGuire, Seanan,</subfield>
    <subfield code="d">1978-</subfield>
    <subfield code="1">http://viaf.org/viaf/103858307</subfield>
    <subfield code="4">aut</subfield>
  </datafield>
  <datafield tag="240" ind1="0" ind2=" ">
    <subfield code="a">Down among the sticks and bones</subfield>
    <subfield code="1">https://www.goodreads.com/book/show/31450908</subfield>
  </datafield>
  <datafield tag="245" ind1="1" ind2="0">
    <subfield code="a">Down among the sticks and bones /</subfield>
    <subfield code="c">Seanan McGuire.</subfield>
  </datafield>
  <datafield tag="250" ind1=" " ind2=" ">
    <subfield code="a">Unabridged.</subfield>
  </datafield>
  <datafield tag="264" ind1=" " ind2="1">
    <subfield code="a">New York :</subfield>
    <subfield code="b">Macmillan Audio,</subfield>
    <subfield code="c">[2017]</subfield>
  </datafield>
  <datafield tag="264" ind1=" " ind2="4">
    <subfield code="c">©20</subfield>
  </datafield>
  <datafield tag="300" ind1="7" ind2=" ">
    <subfield code="a">4 audio discs (4 hr.) :</subfield>
    <subfield code="b">digital ;</subfield>
    <subfield code="c">4 3/4 i</subfield>
  </datafield>
  <datafield tag="306" ind1="." ind2=" ">
    <subfield code="a">0400</subfield>
  </datafield>
  <datafield tag="336" ind1=" " ind2=" ">
    <subfield code="a">spoken word</subfield>
    <subfield code="b">spw</subfield>
    <subfield code="1">http://rdaregistry.info/termList/RDAContentType/1013</subfield>
    <subfield code="2">rdacontent</subfield>
  </datafield>
  <datafield tag="337" ind1=" " ind2=" ">
    <subfield code="a">audio</subfield>
    <subfield code="b">s</subfield>
    <subfield code="1">http://rdaregistry.info/termList/RDAMediaType/1001</subfield>
    <subfield code="2">rdamedia</subfield>
  </datafield>
  <datafield tag="338" ind1="1" ind2="0">
    <subfield code="a">audio discs</subfield>
    <subfield code="b">sd</subfield>
    <subfield code="1">http://rdaregistry.info/termList/RDACarrierType/1004</subfield>
    <subfield code="2">rdacarrier</subfield>
  </datafield>
  <datafield tag="380" ind1=" " ind2=" ">
    <subfield code="a">Novellas</subfield>
    <subfield code="1">http://id.loc.gov/authorities/genreForms/gf2015026019</subfield>
    <subfield code="2">lcgft</subfield>
  </datafield>
  <datafield tag="344" ind1="r" ind2=" ">
    <subfield code="a">digital</subfield>
    <subfield code="b">optical</subfield>
    <subfield code="c">1.4 m. per second</subfield>
    <subfield code="h">Digital recording</subfield>
    <subfield code="2">r</subfield>
  </datafield>
  <datafield tag="490" ind1="a" ind2=" ">
    <subfield code="a">Wayward children ;</subfield>
    <subfield code="v">[bk.</subfield>
  </datafield>
  <datafield tag="511" ind1="]" ind2=" ">
    <subfield code="a">Narrated by the author</subfield>
  </datafield>
  <datafield tag="500" ind1="." ind2=" ">
    <subfield code="a">Compact dis</subfield>
  </datafield>
  <datafield tag="520" ind1="." ind2=" ">
    <subfield code="a">Twin sisters Jack and Jill were seventeen when they found their way home and were packed off to Eleanor West's Home for Wayward Children. This is the story of what happened first. Jacqueline was her mother's perfect daughter-- polite and quiet, always dressed as a princess. If her mother was sometimes a little strict, it's because crafting the perfect daughter takes discipline. Jillian was her father's perfect daughter-- adventurous, thrill-seeking, and a bit of a tomboy. He really would have preferred a son, but you work with what you've got. They were five when they learned that grown-ups can't be trusted. They were twelve when they walked down the impossible staircase and discovered that the pretense of love can never be enough to prepare you for a life filled with magic in a land filled with mad scientists and death and choice</subfield>
  </datafield>
  <datafield tag="650" ind1="." ind2=" ">
    <subfield code="a">Sisters</subfield>
    <subfield code="v">Fictio</subfield>
  </datafield>
  <datafield tag="650" ind1="." ind2=" ">
    <subfield code="a">Twins</subfield>
    <subfield code="v">Fictio</subfield>
  </datafield>
  <datafield tag="650" ind1="." ind2=" ">
    <subfield code="a">Boarding schools</subfield>
    <subfield code="v">Fictio</subfield>
  </datafield>
  <datafield tag="650" ind1="." ind2=" ">
    <subfield code="a">Schools</subfield>
    <subfield code="v">Fictio</subfield>
  </datafield>
  <datafield tag="650" ind1="." ind2=" ">
    <subfield code="a">Magic</subfield>
    <subfield code="v">Fictio</subfield>
  </datafield>
  <datafield tag="650" ind1="." ind2=" ">
    <subfield code="a">Boarding Schools</subfield>
    <subfield code="2">fast</subfield>
    <subfield code="0">(OCoLC)fst008351</subfield>
  </datafield>
  <datafield tag="650" ind1="2" ind2=" ">
    <subfield code="a">Magic</subfield>
    <subfield code="2">fast</subfield>
    <subfield code="0">(OCoLC)fst010054</subfield>
  </datafield>
  <datafield tag="650" ind1="8" ind2=" ">
    <subfield code="a">Schools</subfield>
    <subfield code="2">fast</subfield>
    <subfield code="0">(OCoLC)fst011079</subfield>
  </datafield>
  <datafield tag="650" ind1="8" ind2=" ">
    <subfield code="a">Sisters</subfield>
    <subfield code="2">fast</subfield>
    <subfield code="0">(OCoLC)fst011197</subfield>
  </datafield>
  <datafield tag="650" ind1="8" ind2=" ">
    <subfield code="a">Twins</subfield>
    <subfield code="2">fast</subfield>
    <subfield code="0">(OCoLC)fst011598</subfield>
  </datafield>
  <datafield tag="655" ind1="1" ind2=" ">
    <subfield code="a">Audiobooks.</subfield>
    <subfield code="2">lcg</subfield>
  </datafield>
  <datafield tag="655" ind1="t" ind2=" ">
    <subfield code="a">Audiobooks.</subfield>
    <subfield code="2">fast</subfield>
    <subfield code="0">(OCoLC)fst017262</subfield>
  </datafield>
  <datafield tag="655" ind1="8" ind2=" ">
    <subfield code="a">Fiction.</subfield>
    <subfield code="2">fast</subfield>
    <subfield code="0">(OCoLC)fst014237</subfield>
  </datafield>
  <datafield tag="700" ind1="1" ind2=" ">
    <subfield code="a">McGuire, Seanan</subfield>
    <subfield code="t">Every heart a doorway</subfield>
    <subfield code="4">http://rdaregistry.info/Elements/w/prequelWork.en</subfield>
    <subfield code="1">https://www.goodreads.com/book/show/25526296</subfield>
  </datafield>
  <datafield tag="700" ind1="1" ind2=" ">
    <subfield code="a">McGuire, Seanan</subfield>
    <subfield code="t">Beneath the sugar sky</subfield>
    <subfield code="4">http://rdaregistry.info/Elements/w/sequelWork.en</subfield>
    <subfield code="1">https://www.goodreads.com/book/show/27366528</subfield>
  </datafield>
  <datafield tag="710" ind1="7" ind2=" ">
    <subfield code="a">Macmillan Audio</subfield>
  </datafield>
  <datafield tag="710" ind1=")" ind2=" ">
    <subfield code="a">Recorded Books</subfield>
  </datafield>
  <datafield tag="800" ind1="." ind2=" ">
    <subfield code="a">McGuire, Seanan.</subfield>
    <subfield code="t">Wayward children ;</subfield>
    <subfield code="v">2</subfield>
    <subfield code="1">https://www.goodreads.com/series/165484</subfield>
    <subfield code="4">aut</subfield>
  </datafield>
</record>