


<record id="051">
  <!--done-->
  <leader>03441cam a2200709 i 4500</leader>
  <controlfield tag="001">20040676</controlfield>
  <controlfield tag="005">20180425113418.0</controlfield>
  <controlfield tag="008">170928s2017    nyu           000 1 eng d</controlfield>
  <datafield tag="010" ind1=" " ind2=" ">
    <subfield code="a">2017289101</subfield>
  </datafield>
  <datafield tag="020" ind1=" " ind2=" ">
    <subfield code="a">9780765392039</subfield>
    <subfield code="q">(hardcover)</subfield>
  </datafield>
  <datafield tag="020" ind1=" " ind2=" ">
    <subfield code="a">0765392038</subfield>
    <subfield code="q">(hardcover)</subfield>
  </datafield>
  <datafield tag="020" ind1=" " ind2=" ">
    <subfield code="z">9780765396105</subfield>
    <subfield code="q">(signed edition)</subfield>
  </datafield>
  <datafield tag="020" ind1=" " ind2=" ">
    <subfield code="z">0765396106</subfield>
    <subfield code="q">(signed edition)</subfield>
  </datafield>
  <datafield tag="020" ind1=" " ind2=" ">
    <subfield code="z">9780765392046</subfield>
    <subfield code="q">(e-book)</subfield>
  </datafield>
  <datafield tag="020" ind1=" " ind2=" ">
    <subfield code="z">0765392046</subfield>
    <subfield code="q">(e-book)</subfield>
  </datafield>
  <datafield tag="035" ind1=" " ind2=" ">
    <subfield code="a">(OCoLC)ocn957021154</subfield>
  </datafield>
  <datafield tag="040" ind1=" " ind2=" ">
    <subfield code="e">rda</subfield>
  </datafield>
  <datafield tag="042" ind1=" " ind2=" ">
    <subfield code="a">lccopycat</subfield>
  </datafield>
  <datafield tag="050" ind1="0" ind2="0">
    <subfield code="a">PS3607.R36395</subfield>
    <subfield code="b">D69 2017</subfield>
  </datafield>
  <datafield tag="082" ind1="0" ind2="4">
    <subfield code="a">813/.6</subfield>
    <subfield code="2">23</subfield>
  </datafield>
  <datafield tag="084" ind1=" " ind2=" ">
    <subfield code="a">FIC009010</subfield>
    <subfield code="a">FIC009070</subfield>
    <subfield code="a">FIC027040</subfield>
    <subfield code="2">bisacsh</subfield>
  </datafield>
  <datafield tag="100" ind1="1" ind2=" ">
    <subfield code="a">McGuire, Seanan,</subfield>
    <subfield code="d">1978-</subfield>
    <subfield code="1">http://viaf.org/viaf/103858307</subfield>
    <subfield code="4">aut</subfield>
  </datafield>
  <datafield tag="240" ind1="0" ind2=" ">
    <subfield code="a">Down among the sticks and bones</subfield>
    <subfield code="1">https://www.goodreads.com/book/show/31450908</subfield>
  </datafield>
  <datafield tag="245" ind1="1" ind2="0">
    <subfield code="a">Down among the sticks and bones /</subfield>
    <subfield code="c">Seanan McGuire.</subfield>
  </datafield>
  <datafield tag="250" ind1=" " ind2=" ">
    <subfield code="a">First edition.</subfield>
  </datafield>
  <datafield tag="264" ind1=" " ind2="1">
    <subfield code="a">New York :</subfield>
    <subfield code="b">TOR, a Tom Doherty Associates Book,</subfield>
    <subfield code="c">2017.</subfield>
  </datafield>
  <datafield tag="300" ind1=" " ind2=" ">
    <subfield code="a">187 pages ;</subfield>
    <subfield code="c">22 cm</subfield>
  </datafield>
  <datafield tag="336" ind1=" " ind2=" ">
    <subfield code="a">text</subfield>
    <subfield code="b">txt</subfield>
    <subfield code="1">http://rdaregistry.info/termList/RDAContentType/1020</subfield>
    <subfield code="2">rdacontent</subfield>
  </datafield>
  <datafield tag="337" ind1=" " ind2=" ">
    <subfield code="a">unmediated</subfield>
    <subfield code="b">n</subfield>
    <subfield code="1">http://rdaregistry.info/termList/RDAMediaType/1007</subfield>
    <subfield code="2">rdamedia</subfield>
  </datafield>
  <datafield tag="338" ind1="1" ind2="0">
    <subfield code="a">volume</subfield>
    <subfield code="b">nc</subfield>
    <subfield code="1">http://rdaregistry.info/termList/RDACarrierType/1049</subfield>
    <subfield code="2">rdacarrier</subfield>
  </datafield>
  <datafield tag="380" ind1=" " ind2=" ">
    <subfield code="a">Novellas</subfield>
    <subfield code="1">http://id.loc.gov/authorities/genreForms/gf2015026019</subfield>
    <subfield code="2">lcgft</subfield>
  </datafield>
  <datafield tag="490" ind1="1" ind2=" ">
    <subfield code="a">Wayward children ;</subfield>
    <subfield code="v">2</subfield>
  </datafield>
  <datafield tag="500" ind1=" " ind2=" ">
    <subfield code="a">The sequel to Every heart a doorway.</subfield>
  </datafield>
  <datafield tag="520" ind1=" " ind2=" ">
    <subfield code="a">"Twin sisters Jack and Jill were seventeen when they found their way home and were packed off to Eleanor West's Home for Wayward Children ... Jacqueline was her mother's perfect daughter--polite and quiet, always dressed as a princess. If her mother was sometimes a little strict, it's because crafting the perfect daughter takes discipline. Jillian was her father's perfect daughter--adventurous, thrill-seeking, and a bit of a tom-boy. He really would have preferred a son, but you work with what you've got. They were five when they learned that grown-ups can't be trusted. They were twelve when they walked down the impossible staircase and discovered that the pretense of love can never be enough to prepare you a life filled with magic in a land filled with mad scientists and death and choices."--</subfield>
    <subfield code="c">Dust jacket flap.</subfield>
  </datafield>
  <datafield tag="650" ind1=" " ind2="0">
    <subfield code="a">Sisters</subfield>
    <subfield code="v">Fiction.</subfield>
  </datafield>
  <datafield tag="650" ind1=" " ind2="0">
    <subfield code="a">Twins</subfield>
    <subfield code="v">Fiction.</subfield>
  </datafield>
  <datafield tag="650" ind1=" " ind2="0">
    <subfield code="a">Boarding schools</subfield>
    <subfield code="v">Fiction.</subfield>
  </datafield>
  <datafield tag="650" ind1=" " ind2="0">
    <subfield code="a">Schools</subfield>
    <subfield code="v">Fiction.</subfield>
  </datafield>
  <datafield tag="650" ind1=" " ind2="0">
    <subfield code="a">Magic</subfield>
    <subfield code="v">Fiction.</subfield>
  </datafield>
  <datafield tag="650" ind1=" " ind2="1">
    <subfield code="a">Magic</subfield>
    <subfield code="v">Fiction.</subfield>
  </datafield>
  <datafield tag="655" ind1=" " ind2="4">
    <subfield code="a">Fantasy fiction</subfield>
  </datafield>
  <datafield tag="655" ind1=" " ind2="4">
    <subfield code="a">Horror tales.</subfield>
  </datafield>
  <datafield tag="650" ind1=" " ind2="7">
    <subfield code="a">FICTION / Fairy Tales, Folk Tales, Legends &amp; Mythology.</subfield>
    <subfield code="2">bisacsh</subfield>
  </datafield>
  <datafield tag="650" ind1=" " ind2="7">
    <subfield code="a">FICTION / Fantasy / Contemporary</subfield>
    <subfield code="2">bisacsh</subfield>
  </datafield>
  <datafield tag="650" ind1=" " ind2="7">
    <subfield code="a">FICTION / Fantasy / Dark Fantasy</subfield>
    <subfield code="2">bisacsh</subfield>
  </datafield>
  <datafield tag="650" ind1=" " ind2="7">
    <subfield code="a">Boarding Schools</subfield>
    <subfield code="2">fast</subfield>
    <subfield code="0">(OCoLC)fst00835102</subfield>
  </datafield>
  <datafield tag="650" ind1=" " ind2="7">
    <subfield code="a">Magic</subfield>
    <subfield code="2">fast</subfield>
    <subfield code="0">(OCoLC)fst01005468</subfield>
  </datafield>
  <datafield tag="650" ind1=" " ind2="7">
    <subfield code="a">Schools</subfield>
    <subfield code="2">fast</subfield>
    <subfield code="0">(OCoLC)fst01107958</subfield>
  </datafield>
  <datafield tag="650" ind1=" " ind2="7">
    <subfield code="a">Sisters</subfield>
    <subfield code="2">fast</subfield>
    <subfield code="0">(OCoLC)fst01119758</subfield>
  </datafield>
  <datafield tag="650" ind1=" " ind2="7">
    <subfield code="a">Twins</subfield>
    <subfield code="2">fast</subfield>
    <subfield code="0">(OCoLC)fst01159851</subfield>
  </datafield>
  <datafield tag="655" ind1=" " ind2="7">
    <subfield code="a">Fantasy fiction</subfield>
    <subfield code="2">fast</subfield>
    <subfield code="0">(OCoLC)fst01726607</subfield>
  </datafield>
  <datafield tag="655" ind1=" " ind2="7">
    <subfield code="a">Fiction.</subfield>
    <subfield code="2">fast</subfield>
    <subfield code="0">(OCoLC)fst01423787</subfield>
  </datafield>
  <datafield tag="655" ind1=" " ind2="7">
    <subfield code="a">Horror fiction</subfield>
    <subfield code="2">fast</subfield>
    <subfield code="0">(OCoLC)fst01921684</subfield>
  </datafield>
  <datafield tag="655" ind1=" " ind2="7">
    <subfield code="a">Fantasy fiction</subfield>
    <subfield code="2">gsafd</subfield>
  </datafield>
  <datafield tag="655" ind1=" " ind2="7">
    <subfield code="a">Fantasy fiction</subfield>
    <subfield code="2">lcgft</subfield>
  </datafield>
  <datafield tag="655" ind1=" " ind2="7">
    <subfield code="a">Horror fiction</subfield>
    <subfield code="2">lcgft</subfield>
  </datafield>
  <datafield tag="650" ind1=" " ind2="7">
    <subfield code="a">Magic</subfield>
    <subfield code="v">Fiction.</subfield>
    <subfield code="2">sears</subfield>
  </datafield>
  <datafield tag="650" ind1=" " ind2="7">
    <subfield code="a">Boarding schools</subfield>
    <subfield code="v">Fiction.</subfield>
    <subfield code="2">sears</subfield>
  </datafield>
  <datafield tag="650" ind1=" " ind2="7">
    <subfield code="a">Sisters</subfield>
    <subfield code="v">Fiction.</subfield>
    <subfield code="2">sears</subfield>
  </datafield>
  <datafield tag="650" ind1=" " ind2="7">
    <subfield code="a">Twins</subfield>
    <subfield code="v">Fiction.</subfield>
    <subfield code="2">sears</subfield>
  </datafield>
  <datafield tag="700" ind1="1" ind2=" ">
    <subfield code="a">McGuire, Seanan</subfield>
    <subfield code="t">Every heart a doorway</subfield>
    <subfield code="4">http://rdaregistry.info/Elements/w/prequelWork.en</subfield>
    <subfield code="1">https://www.goodreads.com/book/show/25526296</subfield>
  </datafield>
  <datafield tag="700" ind1="1" ind2=" ">
    <subfield code="a">McGuire, Seanan</subfield>
    <subfield code="t">Beneath the sugar sky</subfield>
    <subfield code="4">http://rdaregistry.info/Elements/w/sequelWork.en</subfield>
    <subfield code="1">https://www.goodreads.com/book/show/27366528</subfield>
  </datafield>
  <datafield tag="800" ind1="1" ind2=" ">
    <subfield code="a">McGuire, Seanan</subfield>
    <subfield code="d">1978-</subfield>
    <subfield code="t">Wayward Children</subfield>
    <subfield code="v">1</subfield>
    <subfield code="1">https://www.goodreads.com/series/165484</subfield>
  </datafield>
</record>