


<record id="059">
  <!--done-->
  <leader>01001cam a2200301 i 4500</leader>
  <controlfield tag="001">19223328</controlfield>
  <controlfield tag="005">20170701075452.0</controlfield>
  <controlfield tag="008">160810s2016    nyu           000 1 eng</controlfield>
  <datafield tag="010" ind1=" " ind2=" ">
    <subfield code="a">2016950613</subfield>
  </datafield>
  <datafield tag="020" ind1=" " ind2=" ">
    <subfield code="a">9780316333955 (trade pbk.)</subfield>
  </datafield>
  <datafield tag="020" ind1=" " ind2=" ">
    <subfield code="z">9780316333962 (ebk.)</subfield>
  </datafield>
  <datafield tag="040" ind1=" " ind2=" ">
    <subfield code="e">rda</subfield>
  </datafield>
  <datafield tag="042" ind1=" " ind2=" ">
    <subfield code="a">pcc</subfield>
  </datafield>
  <datafield tag="050" ind1="0" ind2="0">
    <subfield code="a">PS3610.E46</subfield>
    <subfield code="b">A6 2016</subfield>
  </datafield>
  <datafield tag="082" ind1="0" ind2="0">
    <subfield code="a">813/.6</subfield>
    <subfield code="2">23</subfield>
  </datafield>
  <datafield tag="100" ind1="1" ind2=" ">
    <subfield code="a">Jemisin, N. K.,</subfield>
    <subfield code="d">1972-</subfield>
    <subfield code="1">http://viaf.org/viaf/160100764</subfield>
    <subfield code="4">aut</subfield>
  </datafield>
  <datafield tag="240" ind1="1" ind2="0">
    <subfield code="a">The dreamblood duology</subfield>
    <subfield code="1">https://www.goodreads.com/book/show/29808317</subfield>
  </datafield>
  <datafield tag="245" ind1="1" ind2="4">
    <subfield code="a">The dreamblood duology /</subfield>
    <subfield code="c">N. K. Jemisin.</subfield>
  </datafield>
  <datafield tag="250" ind1=" " ind2=" ">
    <subfield code="a">First Omnibus edition.</subfield>
  </datafield>
  <datafield tag="264" ind1=" " ind2="1">
    <subfield code="a">New York City, NY :</subfield>
    <subfield code="b">Orbit,</subfield>
    <subfield code="c">2016.</subfield>
  </datafield>
  <datafield tag="300" ind1=" " ind2=" ">
    <subfield code="a">949 pages ;</subfield>
    <subfield code="c">21 cm</subfield>
  </datafield>
  <datafield tag="336" ind1=" " ind2=" ">
    <subfield code="a">text</subfield>
    <subfield code="b">txt</subfield>
    <subfield code="1">http://rdaregistry.info/termList/RDAContentType/1020</subfield>
    <subfield code="2">rdacontent</subfield>
  </datafield>
  <datafield tag="337" ind1=" " ind2=" ">
    <subfield code="a">unmediated</subfield>
    <subfield code="b">n</subfield>
    <subfield code="1">http://rdaregistry.info/termList/RDAMediaType/1007</subfield>
    <subfield code="2">rdamedia</subfield>
  </datafield>
  <datafield tag="338" ind1="1" ind2="0">
    <subfield code="a">volume</subfield>
    <subfield code="b">nc</subfield>
    <subfield code="1">http://rdaregistry.info/termList/RDACarrierType/1049</subfield>
    <subfield code="2">rdacarrier</subfield>
  </datafield>
  <datafield tag="380" ind1=" " ind2=" ">
    <subfield code="a">Novels</subfield>
    <subfield code="1">http://id.loc.gov/authorities/genreForms/gf2015026020</subfield>
    <subfield code="2">lcgft</subfield>
  </datafield>
  <datafield tag="505" ind1="0" ind2=" ">
    <subfield code="a">The killing moon - The shadowed sun.</subfield>
  </datafield>
  <datafield tag="700" ind1="1" ind2="2">
    <subfield code="a">Jemisin, N. K.,</subfield>
    <subfield code="t">The killing moon</subfield>
    <subfield code="1">https://www.goodreads.com/book/show/11774272</subfield>
  </datafield>
  <datafield tag="700" ind1="1" ind2="2">
    <subfield code="a">Jemisin, N. K.,</subfield>
    <subfield code="t">The shadowed sun</subfield>
    <subfield code="1">https://www.goodreads.com/book/show/11774295</subfield>
  </datafield>
</record>