


<record id="071">
  <!--done-->
  <leader>02184cam a22005175i 4500</leader>
  <controlfield tag="001">20721429</controlfield>
  <controlfield tag="005">20181026162331.0</controlfield>
  <controlfield tag="008">181026t20172016orua     6    000 1 eng d</controlfield>
  <datafield tag="010" ind1=" " ind2=" ">
    <subfield code="a">2018218935</subfield>
  </datafield>
  <datafield tag="020" ind1=" " ind2=" ">
    <subfield code="a">9780998490403</subfield>
  </datafield>
  <datafield tag="020" ind1=" " ind2=" ">
    <subfield code="a">0998490407</subfield>
  </datafield>
  <datafield tag="035" ind1=" " ind2=" ">
    <subfield code="a">(OCoLC)on1003288755</subfield>
  </datafield>
  <datafield tag="040" ind1=" " ind2=" ">
    <subfield code="e">rda</subfield>
  </datafield>
  <datafield tag="042" ind1=" " ind2=" ">
    <subfield code="a">lccopycat</subfield>
  </datafield>
  <datafield tag="050" ind1="0" ind2="0">
    <subfield code="a">Comic Book 14911</subfield>
  </datafield>
  <datafield tag="082" ind1="0" ind2="4">
    <subfield code="a">741.5973</subfield>
    <subfield code="2">23</subfield>
  </datafield>
  <datafield tag="097" ind1="0" ind2="0">
    <subfield code="a">PN6720</subfield>
    <subfield code="b">.Q44 2016</subfield>
  </datafield>
  <datafield tag="130" ind1="0" ind2="">
    <subfield code="a">Power &amp; magic, the queer with comics anthology</subfield>
    <subfield code="1">https://www.goodreads.com/book/show/33403762</subfield>
  </datafield>
  <datafield tag="245" ind1="0" ind2="0">
    <subfield code="a">Power &amp; magic:</subfield>
    <subfield code="b">the queer witch comics anthology /</subfield>
    <subfield code="c">edited by Joamette Gil ; cover illustrations by Ashe Samuels.</subfield>
  </datafield>
  <datafield tag="250" ind1=" " ind2=" ">
    <subfield code="a">First edition.</subfield>
  </datafield>
  <datafield tag="264" ind1=" " ind2="1">
    <subfield code="a">[Portland, OR] :</subfield>
    <subfield code="b">Power and Magic Press,</subfield>
    <subfield code="c">2017.</subfield>
  </datafield>
  <datafield tag="264" ind1=" " ind2="4">
    <subfield code="c">©20</subfield>
  </datafield>
  <datafield tag="300" ind1="6" ind2=" ">
    <subfield code="a">178 pages :</subfield>
    <subfield code="b">illustrations ;</subfield>
    <subfield code="c">23 cm</subfield>
  </datafield>
  <datafield tag="336" ind1=" " ind2=" ">
    <subfield code="a">text</subfield>
    <subfield code="b">txt</subfield>
    <subfield code="1">http://rdaregistry.info/termList/RDAContentType/1020</subfield>
    <subfield code="2">rdacontent</subfield>
  </datafield>
  <datafield tag="337" ind1=" " ind2=" ">
    <subfield code="a">unmediated</subfield>
    <subfield code="b">n</subfield>
    <subfield code="1">http://rdaregistry.info/termList/RDAMediaType/1007</subfield>
    <subfield code="2">rdamedia</subfield>
  </datafield>
  <datafield tag="338" ind1="1" ind2="0">
    <subfield code="a">volume</subfield>
    <subfield code="b">nc</subfield>
    <subfield code="1">http://rdaregistry.info/termList/RDACarrierType/1049</subfield>
    <subfield code="2">rdacarrier</subfield>
  </datafield>
  <datafield tag="380" ind1=" " ind2=" ">
    <subfield code="a">Comics (Graphic works)</subfield>
    <subfield code="1">http://id.loc.gov/authorities/genreForms/gf2014026266</subfield>
    <subfield code="2">lcgft</subfield>
  </datafield>
  <datafield tag="380" ind1=" " ind2=" ">
    <subfield code="a">Fantasy comics</subfield>
    <subfield code="1">http://id.loc.gov/authorities/genreForms/gf2014026331</subfield>
    <subfield code="2">lcgft</subfield>
  </datafield>
  <datafield tag="520" ind1="r" ind2=" ">
    <subfield code="a">"POWER &amp; MAGIC is a comics anthology about queer witches of color for teens and adults ages 14-and-up. The book is over 160 pages long, black and white, and contains 15 original stories blending fantasy, drama, humor, and Romance" -Amazon.co</subfield>
  </datafield>
  <datafield tag="650" ind1="." ind2=" ">
    <subfield code="a">Sexual minority community</subfield>
    <subfield code="v">Comic books, strips, et</subfield>
  </datafield>
  <datafield tag="650" ind1="." ind2=" ">
    <subfield code="a">Minority women</subfield>
    <subfield code="v">Comic books, strips, et</subfield>
  </datafield>
  <datafield tag="650" ind1="." ind2=" ">
    <subfield code="a">Witches</subfield>
    <subfield code="v">Comic books, strips, et</subfield>
  </datafield>
  <datafield tag="655" ind1="." ind2=" ">
    <subfield code="a">Graphic book</subfield>
  </datafield>
  <datafield tag="650" ind1="." ind2=" ">
    <subfield code="a">COMICS &amp; GRAPHIC NOVELS / General</subfield>
    <subfield code="2">bisac</subfield>
  </datafield>
  <datafield tag="650" ind1="h" ind2=" ">
    <subfield code="a">Minority women</subfield>
    <subfield code="2">fast</subfield>
    <subfield code="0">(OCoLC)fst010234</subfield>
  </datafield>
  <datafield tag="650" ind1="8" ind2=" ">
    <subfield code="a">Sexual minority community</subfield>
    <subfield code="2">fast</subfield>
    <subfield code="0">(OCoLC)fst019101</subfield>
  </datafield>
  <datafield tag="650" ind1="6" ind2=" ">
    <subfield code="a">Witches</subfield>
    <subfield code="2">fast</subfield>
    <subfield code="0">(OCoLC)fst011763</subfield>
  </datafield>
  <datafield tag="655" ind1="6" ind2=" ">
    <subfield code="a">Comic books, strips, etc.</subfield>
    <subfield code="2">fast</subfield>
    <subfield code="0">(OCoLC)fst014237</subfield>
  </datafield>
  <datafield tag="655" ind1="2" ind2=" ">
    <subfield code="a">Comics (Graphic works)</subfield>
    <subfield code="2">fast</subfield>
    <subfield code="0">(OCoLC)fst019216</subfield>
  </datafield>
  <datafield tag="655" ind1="3" ind2=" ">
    <subfield code="a">Comics (Graphic works)</subfield>
    <subfield code="2">lcg</subfield>
  </datafield>
  <datafield tag="700" ind1="t" ind2=" ">
    <subfield code="a">Gil, Joamette,</subfield>
    <subfield code="1">http://viaf.org/viaf/21153893639902291629</subfield>
    <subfield code="4">edt</subfield>
  </datafield>
  <datafield tag="700" ind1="." ind2=" ">
    <subfield code="a">Samuels, Ashe,</subfield>
    <subfield code="1">http://viaf.org/viaf/63153953263805562313</subfield>
    <subfield code="4">art</subfield>
  </datafield>
</record>