


<record id="073">
  <!--done-->
  <leader>01645cam a2200373 a 4500</leader>
  <controlfield tag="001">17220344</controlfield>
  <controlfield tag="005">20131205135728.0</controlfield>
  <controlfield tag="008">120321s2012    nyu    d      000 1 eng</controlfield>
  <datafield tag="010" ind1=" " ind2=" ">
    <subfield code="a">2012005489</subfield>
  </datafield>
  <datafield tag="020" ind1=" " ind2=" ">
    <subfield code="a">9780316197960 (hardcover)</subfield>
  </datafield>
  <datafield tag="040" ind1=" " ind2=" ">
    <subfield code="e"/>
  </datafield>
  <datafield tag="042" ind1=" " ind2=" ">
    <subfield code="a">pcc</subfield>
    <subfield code="a">lcac</subfield>
  </datafield>
  <datafield tag="050" ind1="0" ind2="0">
    <subfield code="a">PZ7.L778786</subfield>
    <subfield code="b">Ad 2012</subfield>
  </datafield>
  <datafield tag="082" ind1="0" ind2="0">
    <subfield code="a">[Fic]</subfield>
    <subfield code="2">23</subfield>
  </datafield>
  <datafield tag="084" ind1=" " ind2=" ">
    <subfield code="a">JUV053000</subfield>
    <subfield code="a">JUV001000</subfield>
    <subfield code="a">JUV026000</subfield>
    <subfield code="2">bisacsh</subfield>
  </datafield>
  <datafield tag="100" ind1="1" ind2=" ">
    <subfield code="a">Lo, Malinda,</subfield>
    <subfield code="d">1974-</subfield>
    <subfield code="1">http://viaf.org/viaf/264367410</subfield>
    <subfield code="4">aut</subfield>
  </datafield>
  <datafield tag="240" ind1="0" ind2=" ">
    <subfield code="a">Adaptation</subfield>
    <subfield code="1">https://www.goodreads.com/book/show/10744752</subfield>
  </datafield>
  <datafield tag="245" ind1="1" ind2="0">
    <subfield code="a">Adaptation /</subfield>
    <subfield code="c">Malinda Lo.</subfield>
  </datafield>
  <datafield tag="250" ind1=" " ind2=" ">
    <subfield code="a">First edition.</subfield>
  </datafield>
  <datafield tag="260" ind1=" " ind2=" ">
    <subfield code="a">New York :</subfield>
    <subfield code="b">Little, Brown Books for Young Readers</subfield>
    <subfield code="c">2012.</subfield>
  </datafield>
  <datafield tag="300" ind1=" " ind2=" ">
    <subfield code="a">386 pages ;</subfield>
    <subfield code="c">22 cm.</subfield>
  </datafield>
  <datafield tag="336" ind1=" " ind2=" ">
    <subfield code="a">text</subfield>
    <subfield code="b">txt</subfield>
    <subfield code="1">http://rdaregistry.info/termList/RDAContentType/1020</subfield>
    <subfield code="2">rdacontent</subfield>
  </datafield>
  <datafield tag="337" ind1=" " ind2=" ">
    <subfield code="a">unmediated</subfield>
    <subfield code="b">n</subfield>
    <subfield code="1">http://rdaregistry.info/termList/RDAMediaType/1007</subfield>
    <subfield code="2">rdamedia</subfield>
  </datafield>
  <datafield tag="338" ind1="1" ind2="0">
    <subfield code="a">volume</subfield>
    <subfield code="b">nc</subfield>
    <subfield code="1">http://rdaregistry.info/termList/RDACarrierType/1049</subfield>
    <subfield code="2">rdacarrier</subfield>
  </datafield>
  <datafield tag="380" ind1=" " ind2=" ">
    <subfield code="a">Novels</subfield>
    <subfield code="1">http://id.loc.gov/authorities/genreForms/gf2015026020</subfield>
    <subfield code="2">lcgft</subfield>
  </datafield>
  <datafield tag="500" ind1=" " ind2=" ">
    <subfield code="a">Sequel: Inheritance.</subfield>
  </datafield>
  <datafield tag="520" ind1=" " ind2=" ">
    <subfield code="a">In the aftermath of a series of plane crashes caused by birds, seventeen-year-old Reese and her debate-team partner, David, receive medical treatment at a secret government facility and become tangled in a conspiracy that is, according to Reese's friend Julian, connected with aliens and UFOs.</subfield>
  </datafield>
  <datafield tag="650" ind1=" " ind2="1">
    <subfield code="a">Science fiction</subfield>
  </datafield>
  <datafield tag="650" ind1=" " ind2="1">
    <subfield code="a">Conspiracies</subfield>
    <subfield code="v">Fiction.</subfield>
  </datafield>
  <datafield tag="650" ind1=" " ind2="1">
    <subfield code="a">Genetic engineering</subfield>
    <subfield code="v">Fiction.</subfield>
  </datafield>
  <datafield tag="650" ind1=" " ind2="1">
    <subfield code="a">Extraterrestrial beings</subfield>
    <subfield code="v">Fiction.</subfield>
  </datafield>
  <datafield tag="650" ind1=" " ind2="1">
    <subfield code="a">Sexual orientation</subfield>
    <subfield code="v">Fiction.</subfield>
  </datafield>
  <datafield tag="650" ind1=" " ind2="1">
    <subfield code="a">Love</subfield>
    <subfield code="v">Fiction.</subfield>
  </datafield>
  <datafield tag="650" ind1=" " ind2="7">
    <subfield code="a">JUVENILE FICTION / Science fiction</subfield>
    <subfield code="2">bisacsh</subfield>
  </datafield>
  <datafield tag="650" ind1=" " ind2="7">
    <subfield code="a">JUVENILE FICTION / Action &amp; Adventure / General</subfield>
    <subfield code="2">bisacsh</subfield>
  </datafield>
  <datafield tag="650" ind1=" " ind2="7">
    <subfield code="a">JUVENILE FICTION / Love &amp; Romance</subfield>
    <subfield code="2">bisacsh</subfield>
  </datafield>
  <datafield tag="700" ind1="1" ind2=" ">
    <subfield code="a">Lo, Malinda</subfield>
    <subfield code="t">Natural selection</subfield>
    <subfield code="4">http://rdaregistry.info/Elements/w/sequelWork.en</subfield>
    <subfield code="1">https://www.goodreads.com/book/show/17724867</subfield>
  </datafield>
  <datafield tag="800" ind1="1" ind2=" ">
    <subfield code="a">Lo, Malinda</subfield>
    <subfield code="d">1974-</subfield>
    <subfield code="t">Adaptation</subfield>
    <subfield code="v">1</subfield>
    <subfield code="1">https://www.goodreads.com/series/87040</subfield>
  </datafield>
</record>