

<record id="077">
  <!--done-->
  <leader>01634cam a2200397 i 4500</leader>
  <controlfield tag="001">19618684</controlfield>
  <controlfield tag="005">20180920141208.0</controlfield>
  <controlfield tag="008">170502t20172017nyu    d      000 1 eng</controlfield>
  <datafield tag="010" ind1=" " ind2=" ">
    <subfield code="a">2017003862</subfield>
  </datafield>
  <datafield tag="020" ind1=" " ind2=" ">
    <subfield code="a">9780735227422 (hardcover)</subfield>
  </datafield>
  <datafield tag="020" ind1=" " ind2=" ">
    <subfield code="a">9780735227439 (paperback)</subfield>
  </datafield>
  <datafield tag="020" ind1=" " ind2=" ">
    <subfield code="z">9780735227446 (epub)</subfield>
  </datafield>
  <datafield tag="040" ind1=" " ind2=" ">
    <subfield code="e">rda</subfield>
  </datafield>
  <datafield tag="042" ind1=" " ind2=" ">
    <subfield code="a">pcc</subfield>
    <subfield code="a">lcac</subfield>
  </datafield>
  <datafield tag="050" ind1="0" ind2="0">
    <subfield code="a">PZ7.L778786</subfield>
    <subfield code="b">Lin 2017</subfield>
  </datafield>
  <datafield tag="082" ind1="0" ind2="0">
    <subfield code="a">[Fic]</subfield>
    <subfield code="2">23</subfield>
  </datafield>
  <datafield tag="100" ind1="1" ind2=" ">
    <subfield code="a">Lo, Malinda,</subfield>
    <subfield code="d">1974-</subfield>
    <subfield code="1">http://viaf.org/viaf/264367410</subfield>
    <subfield code="4">aut</subfield>
  </datafield>
  <datafield tag="240" ind1="0" ind2=" ">
    <subfield code="a">A line in the dark</subfield>
    <subfield code="1">https://www.goodreads.com/book/show/28096526</subfield>
  </datafield>
  <datafield tag="245" ind1="1" ind2="2">
    <subfield code="a">A line in the dark /</subfield>
    <subfield code="c">Malinda Lo.</subfield>
  </datafield>
  <datafield tag="264" ind1=" " ind2="1">
    <subfield code="a">New York, NY :</subfield>
    <subfield code="b">Dutton Books,</subfield>
    <subfield code="c">[2017]</subfield>
  </datafield>
  <datafield tag="264" ind1=" " ind2="4">
    <subfield code="c">©20</subfield>
  </datafield>
  <datafield tag="300" ind1="7" ind2=" ">
    <subfield code="a">281 pages ;</subfield>
    <subfield code="c">22 cm</subfield>
  </datafield>
  <datafield tag="336" ind1=" " ind2=" ">
    <subfield code="a">text</subfield>
    <subfield code="b">txt</subfield>
    <subfield code="1">http://rdaregistry.info/termList/RDAContentType/1020</subfield>
    <subfield code="2">rdacontent</subfield>
  </datafield>
  <datafield tag="337" ind1=" " ind2=" ">
    <subfield code="a">unmediated</subfield>
    <subfield code="b">n</subfield>
    <subfield code="1">http://rdaregistry.info/termList/RDAMediaType/1007</subfield>
    <subfield code="2">rdamedia</subfield>
  </datafield>
  <datafield tag="338" ind1="1" ind2="0">
    <subfield code="a">volume</subfield>
    <subfield code="b">nc</subfield>
    <subfield code="1">http://rdaregistry.info/termList/RDACarrierType/1049</subfield>
    <subfield code="2">rdacarrier</subfield>
  </datafield>
  <datafield tag="380" ind1=" " ind2=" ">
    <subfield code="a">Novels</subfield>
    <subfield code="1">http://id.loc.gov/authorities/genreForms/gf2015026020</subfield>
    <subfield code="2">lcgft</subfield>
  </datafield>
  <datafield tag="520" ind1="r" ind2=" ">
    <subfield code="a">"When Chinese American teenager Jess Wong's best friend Angie falls in love with a girl from the nearby boarding school, Jess expects heartbreak. But when everybody's secrets start to be revealed, the stakes quickly elevate from love or loneliness to life or death" -</subfield>
    <subfield code="c">Provided by publishe</subfield>
  </datafield>
  <datafield tag="650" ind1="." ind2=" ">
    <subfield code="a">Dating (Social customs)</subfield>
    <subfield code="v">Fictio</subfield>
  </datafield>
  <datafield tag="650" ind1="." ind2=" ">
    <subfield code="a">Best friends</subfield>
    <subfield code="v">Fictio</subfield>
  </datafield>
  <datafield tag="650" ind1="." ind2=" ">
    <subfield code="a">Friendship</subfield>
    <subfield code="v">Fictio</subfield>
  </datafield>
  <datafield tag="650" ind1="." ind2=" ">
    <subfield code="a">Lesbians</subfield>
    <subfield code="v">Fctio</subfield>
  </datafield>
  <datafield tag="650" ind1="." ind2=" ">
    <subfield code="a">Social classes</subfield>
    <subfield code="v">Fictio</subfield>
  </datafield>
  <datafield tag="650" ind1="." ind2=" ">
    <subfield code="a">Murder</subfield>
    <subfield code="v">Fictio</subfield>
  </datafield>
  <datafield tag="650" ind1="." ind2=" ">
    <subfield code="a">Chinese Americans</subfield>
    <subfield code="v">Fictio</subfield>
  </datafield>
  <datafield tag="651" ind1="." ind2=" ">
    <subfield code="a">Massachusetts</subfield>
    <subfield code="v">Fictio</subfield>
  </datafield>
</record>