



<record id="081">
  <!--done-->
  <leader>01368cam a2200349 a 4500</leader>
  <controlfield tag="001">12931780</controlfield>
  <controlfield tag="005">20090728113256.0</controlfield>
  <controlfield tag="008">020916s2003    nyu           000 1 eng</controlfield>
  <datafield tag="010" ind1=" " ind2=" ">
    <subfield code="a">2002034922</subfield>
  </datafield>
  <datafield tag="020" ind1=" " ind2=" ">
    <subfield code="a">0446679291</subfield>
  </datafield>
  <datafield tag="040" ind1=" " ind2=" ">
    <subfield code="e"/>
  </datafield>
  <datafield tag="043" ind1=" " ind2=" ">
    <subfield code="a">n-us---</subfield>
    <subfield code="a">f------</subfield>
  </datafield>
  <datafield tag="050" ind1="0" ind2="0">
    <subfield code="a">PS647.A35</subfield>
    <subfield code="b">M65 2003</subfield>
  </datafield>
  <datafield tag="082" ind1="0" ind2="0">
    <subfield code="a">813/.0108896073</subfield>
    <subfield code="2">21</subfield>
  </datafield>
  <datafield tag="130" ind1="0" ind2="">
    <subfield code="a">Mojo, conjure stories</subfield>
    <subfield code="1">https://www.goodreads.com/book/show/71412</subfield>
  </datafield>
  <datafield tag="245" ind1="0" ind2="0">
    <subfield code="a">Mojo :</subfield>
    <subfield code="b">conjure stories /</subfield>
    <subfield code="c">edited by Nalo Hopkinson.</subfield>
  </datafield>
  <datafield tag="260" ind1=" " ind2=" ">
    <subfield code="a">New York :</subfield>
    <subfield code="b">Warner Books,</subfield>
    <subfield code="c">2003.</subfield>
  </datafield>
  <datafield tag="300" ind1=" " ind2=" ">
    <subfield code="a">x, 340 pages ;</subfield>
    <subfield code="c">21 cm.</subfield>
  </datafield>
  <datafield tag="500" ind1=" " ind2=" ">
    <subfield code="a">"Aspect".</subfield>
  </datafield>
  <datafield tag="650" ind1=" " ind2="0">
    <subfield code="a">Short stories, American</subfield>
  </datafield>
  <datafield tag="650" ind1=" " ind2="0">
    <subfield code="a">American fiction</subfield>
    <subfield code="x">African American authors.</subfield>
  </datafield>
  <datafield tag="650" ind1=" " ind2="0">
    <subfield code="a">African American magic</subfield>
    <subfield code="v">Fiction.</subfield>
  </datafield>
  <datafield tag="650" ind1=" " ind2="0">
    <subfield code="a">Short stories</subfield>
    <subfield code="x">Black authors</subfield>
  </datafield>
  <datafield tag="650" ind1=" " ind2="0">
    <subfield code="a">African Americans</subfield>
    <subfield code="v">Fiction.</subfield>
  </datafield>
  <datafield tag="650" ind1=" " ind2="0">
    <subfield code="a">Fantasy fiction, American</subfield>
  </datafield>
  <datafield tag="650" ind1=" " ind2="0">
    <subfield code="a">Hoodoo (Cult)</subfield>
    <subfield code="v">Fiction.</subfield>
  </datafield>
  <datafield tag="650" ind1=" " ind2="0">
    <subfield code="a">Blacks</subfield>
    <subfield code="v">Fiction.</subfield>
  </datafield>
  <datafield tag="651" ind1=" " ind2="0">
    <subfield code="a">Africa</subfield>
    <subfield code="v">Fiction.</subfield>
  </datafield>
  <datafield tag="700" ind1="1" ind2="2">
    <subfield code="a">Hopkinson, Nalo,</subfield>
    <subfield code="1">http://viaf.org/viaf/14061281</subfield>
    <subfield code="4">aut</subfield>
    <subfield code="4">edt</subfield>
  </datafield>
  <datafield tag="700" ind1="1" ind2="2">
    <subfield code="a">Okorafor, Nnedi</subfield>
    <subfield code="t">Asuquo, or the winds of Harmattan</subfield>
    <subfield code="1">https://www.goodreads.com/author/show/588356</subfield>
  </datafield>
  <datafield tag="700" ind1="1" ind2="2">
    <subfield code="a">Shawl, Nisi</subfield>
    <subfield code="t">The tawny bitch</subfield>
    <subfield code="1">http://viaf.org/viaf/36396639</subfield>
  </datafield>
</record>