


<record id="082">
  <!--done-->
  <leader>01118cam a2200277 a 4500</leader>
  <controlfield tag="001">12070630</controlfield>
  <controlfield tag="005">20120216111201.0</controlfield>
  <controlfield tag="008">000622s2000    vtu           000 1 eng</controlfield>
  <datafield tag="010" ind1=" " ind2=" ">
    <subfield code="a">00057250</subfield>
  </datafield>
  <datafield tag="020" ind1=" " ind2=" ">
    <subfield code="a">0967968313 (cloth : alk. paper)</subfield>
  </datafield>
  <datafield tag="020" ind1=" " ind2=" ">
    <subfield code="a">0967968321 (paperback : alk. paper)</subfield>
  </datafield>
  <datafield tag="040" ind1=" " ind2=" ">
    <subfield code="e"/>
  </datafield>
  <datafield tag="043" ind1=" " ind2=" ">
    <subfield code="a">cc-----</subfield>
  </datafield>
  <datafield tag="050" ind1="0" ind2="0">
    <subfield code="a">PR9205.8</subfield>
    <subfield code="b">.W47 2000</subfield>
  </datafield>
  <datafield tag="082" ind1="0" ind2="0">
    <subfield code="a">813/.01089729</subfield>
    <subfield code="2">21</subfield>
  </datafield>
  <datafield tag="130" ind1="0" ind2="">
    <subfield code="a">Whispers from the cotton tree root, Caribbean fabulist fiction</subfield>
    <subfield code="1">https://www.goodreads.com/book/show/847410</subfield>
  </datafield>
  <datafield tag="245" ind1="0" ind2="0">
    <subfield code="a">Whispers from the cotton tree root :</subfield>
    <subfield code="b">Caribbean fabulist fiction /</subfield>
    <subfield code="c">edited by Nalo Hopkinson.</subfield>
  </datafield>
  <datafield tag="250" ind1=" " ind2=" ">
    <subfield code="a">First edition.</subfield>
  </datafield>
  <datafield tag="260" ind1=" " ind2=" ">
    <subfield code="a">Montpelier, Vt. :</subfield>
    <subfield code="b">Invisible Cities Press,</subfield>
    <subfield code="c">c2000.</subfield>
  </datafield>
  <datafield tag="300" ind1=" " ind2=" ">
    <subfield code="a">xiii, 318 pages ;</subfield>
    <subfield code="c">23 cm.</subfield>
  </datafield>
  <datafield tag="336" ind1=" " ind2=" ">
    <subfield code="a">text</subfield>
    <subfield code="b">txt</subfield>
    <subfield code="1">http://rdaregistry.info/termList/RDAContentType/1020</subfield>
    <subfield code="2">rdacontent</subfield>
  </datafield>
  <datafield tag="337" ind1=" " ind2=" ">
    <subfield code="a">unmediated</subfield>
    <subfield code="b">n</subfield>
    <subfield code="1">http://rdaregistry.info/termList/RDAMediaType/1007</subfield>
    <subfield code="2">rdamedia</subfield>
  </datafield>
  <datafield tag="338" ind1="1" ind2="0">
    <subfield code="a">volume</subfield>
    <subfield code="b">nc</subfield>
    <subfield code="1">http://rdaregistry.info/termList/RDACarrierType/1049</subfield>
    <subfield code="2">rdacarrier</subfield>
  </datafield>
  <datafield tag="380" ind1=" " ind2=" ">
    <subfield code="a">Short stories</subfield>
    <subfield code="1">http://id.loc.gov/authorities/genreForms/gf2014026542</subfield>
    <subfield code="2">lcgft</subfield>
  </datafield>
  <datafield tag="650" ind1=" " ind2="0">
    <subfield code="a">Caribbean fiction (English)</subfield>
  </datafield>
  <datafield tag="651" ind1=" " ind2="0">
    <subfield code="a">Caribbean Area</subfield>
    <subfield code="v">Fiction.</subfield>
  </datafield>
  <datafield tag="650" ind1=" " ind2="0">
    <subfield code="a">Paranormal fiction</subfield>
  </datafield>
  <datafield tag="700" ind1="1" ind2="2">
    <subfield code="a">Hopkinson, Nalo,</subfield>
    <subfield code="1">http://viaf.org/viaf/14061281</subfield>
    <subfield code="4">aut</subfield>
    <subfield code="4">edt</subfield>
  </datafield>
</record>