


<record id="088">
  <!--done-->
  <leader>01306cam a2200313 a 4500</leader>
  <controlfield tag="001">16975910</controlfield>
  <controlfield tag="005">20121109110016.0</controlfield>
  <controlfield tag="008">110926s2012    cau           000 1 eng</controlfield>
  <datafield tag="010" ind1=" " ind2=" ">
    <subfield code="a">2011939667</subfield>
  </datafield>
  <datafield tag="020" ind1=" " ind2=" ">
    <subfield code="a">9781604864977 (pbk. : alk. paper)</subfield>
  </datafield>
  <datafield tag="040" ind1=" " ind2=" ">
    <subfield code="e"/>
  </datafield>
  <datafield tag="042" ind1=" " ind2=" ">
    <subfield code="a">pcc</subfield>
  </datafield>
  <datafield tag="050" ind1="0" ind2="0">
    <subfield code="a">PS647.A35</subfield>
    <subfield code="b">H67 2012</subfield>
  </datafield>
  <datafield tag="100" ind1="1" ind2=" ">
    <subfield code="a">Hopkinson, Nalo,</subfield>
    <subfield code="d">1960-</subfield>
    <subfield code="1">http://viaf.org/viaf/14061281</subfield>
    <subfield code="4">aut</subfield>
  </datafield>
  <datafield tag="240" ind1="0" ind2=" ">
    <subfield code="a">Report from Planet Midnight, plus</subfield>
    <subfield code="1">https://www.goodreads.com/book/show/13115184</subfield>
  </datafield>
  <datafield tag="245" ind1="1" ind2="0">
    <subfield code="a">Report from Planet Midnight, plus-- /</subfield>
    <subfield code="c">Nalo Hopkinson.</subfield>
  </datafield>
  <datafield tag="260" ind1=" " ind2=" ">
    <subfield code="a">Oakland, Calif. :</subfield>
    <subfield code="b">PM Press,</subfield>
    <subfield code="c">2012.</subfield>
  </datafield>
  <datafield tag="300" ind1=" " ind2=" ">
    <subfield code="a">111 pages ;</subfield>
    <subfield code="c">19 cm.</subfield>
  </datafield>
  <datafield tag="336" ind1=" " ind2=" ">
    <subfield code="a">text</subfield>
    <subfield code="b">txt</subfield>
    <subfield code="1">http://rdaregistry.info/termList/RDAContentType/1020</subfield>
    <subfield code="2">rdacontent</subfield>
  </datafield>
  <datafield tag="337" ind1=" " ind2=" ">
    <subfield code="a">unmediated</subfield>
    <subfield code="b">n</subfield>
    <subfield code="1">http://rdaregistry.info/termList/RDAMediaType/1007</subfield>
    <subfield code="2">rdamedia</subfield>
  </datafield>
  <datafield tag="338" ind1="1" ind2="0">
    <subfield code="a">volume</subfield>
    <subfield code="b">nc</subfield>
    <subfield code="1">http://rdaregistry.info/termList/RDACarrierType/1049</subfield>
    <subfield code="2">rdacarrier</subfield>
  </datafield>
  <datafield tag="380" ind1=" " ind2=" ">
    <subfield code="a">Short stories</subfield>
    <subfield code="1">http://id.loc.gov/authorities/genreForms/gf2014026542</subfield>
    <subfield code="2">lcgft</subfield>
  </datafield>
  <datafield tag="505" ind1="0" ind2=" ">
    <subfield code="a">Message in a bottle - Report from Planet Midnight - Shift - Correcting the balance: outspoken interview with Nalo Hopkinson - Bibliography - About the author.</subfield>
  </datafield>
  <datafield tag="650" ind1=" " ind2="0">
    <subfield code="a">Short stories, American</subfield>
  </datafield>
  <!--Klarte ikke å finne fungernde URIer for disse 3 noveller men ville legge dem inn som analytiske biinnførsler likevel-->
  <datafield tag="700" ind1="1" ind2="2">
    <subfield code="a">Hopkinson, Nalo,</subfield>
    <subfield code="t">Message in a bottle.</subfield>
  </datafield>
  <datafield tag="700" ind1="1" ind2="2">
    <subfield code="a">Hopkinson, Nalo,</subfield>
    <subfield code="t">Report from Planet Midnight.</subfield>
  </datafield>
  <datafield tag="700" ind1="1" ind2="2">
    <subfield code="a">Hopkinson, Nalo,</subfield>
    <subfield code="t">Correcting the balance.</subfield>
  </datafield>
  <datafield tag="740" ind1="0" ind2="2">
    <subfield code="a">Message in a bottle.</subfield>
  </datafield>
  <datafield tag="740" ind1="0" ind2="2">
    <subfield code="a">Report from Planet Midnight.</subfield>
  </datafield>
  <datafield tag="740" ind1="0" ind2="2">
    <subfield code="a">Correcting the balance.</subfield>
  </datafield>
</record>