


<record id="098">
  <!--done-->
  <leader>02778cim a2200421 a 4500</leader>
  <controlfield tag="001">15430832</controlfield>
  <controlfield tag="005">20080829150805.0</controlfield>
  <controlfield tag="007">sd fsngnnmmneu</controlfield>
  <controlfield tag="008">080827s2006    mdunnn|g       l  | eng d</controlfield>
  <datafield tag="010" ind1=" " ind2=" ">
    <subfield code="a">2008643044</subfield>
  </datafield>
  <datafield tag="020" ind1=" " ind2=" ">
    <subfield code="a">1428116761 (set)</subfield>
  </datafield>
  <datafield tag="020" ind1=" " ind2=" ">
    <subfield code="a">9781428116764 (set)</subfield>
  </datafield>
  <datafield tag="020" ind1=" " ind2=" ">
    <subfield code="a">142811677X (course guide)</subfield>
  </datafield>
  <datafield tag="020" ind1=" " ind2=" ">
    <subfield code="a">9781428116771 (course guide)</subfield>
  </datafield>
  <datafield tag="028" ind1="0" ind2="2">
    <subfield code="a">UC085</subfield>
    <subfield code="b">Recorded Books</subfield>
  </datafield>
  <datafield tag="035" ind1=" " ind2=" ">
    <subfield code="a">(OCoLC)ocm72441272</subfield>
  </datafield>
  <datafield tag="035" ind1=" " ind2=" ">
    <subfield code="a">(OCoLC)72441272</subfield>
    <subfield code="z">(OCoLC)72438411</subfield>
  </datafield>
  <datafield tag="040" ind1=" " ind2=" ">
    <subfield code="e"/>
  </datafield>
  <datafield tag="042" ind1=" " ind2=" ">
    <subfield code="a">lccopycat</subfield>
  </datafield>
  <datafield tag="050" ind1="0" ind2="0">
    <subfield code="a">RZA 9836</subfield>
  </datafield>
  <datafield tag="100" ind1="1" ind2=" ">
    <subfield code="a">Potkay, Monica Brzezinski,</subfield>
    <subfield code="d">1957-2018</subfield>
    <subfield code="1">http://viaf.org/viaf/37196206</subfield>
    <subfield code="4">spk</subfield>
  </datafield>
  <datafield tag="240" ind1="0" ind2=" ">
    <subfield code="a">Eternal chalice, the Grail in literature and legend</subfield>
    <subfield code="1">https://www.goodreads.com/book/show/6850107</subfield>
  </datafield>
  <datafield tag="245" ind1="1" ind2="0">
    <subfield code="a">Eternal chalice</subfield>
    <subfield code="b">the Grail in literature and legend /</subfield>
    <subfield code="c">Monica Brzezinski Potkay.</subfield>
  </datafield>
  <datafield tag="260" ind1=" " ind2=" ">
    <subfield code="a">Prince Frederick, MD :</subfield>
    <subfield code="b">Recorded Books,</subfield>
    <subfield code="c">p2006.</subfield>
  </datafield>
  <datafield tag="300" ind1=" " ind2=" ">
    <subfield code="a">7 audio discs (ca. 7 hrs.) :</subfield>
    <subfield code="b">digital ;</subfield>
    <subfield code="c">4 3/4 in. +</subfield>
    <subfield code="e">1 course guide (88 pages : col. ill. ; 22 cm.)</subfield>
  </datafield>
  <datafield tag="306" ind1=" " ind2=" ">
    <subfield code="a">070000</subfield>
  </datafield>
  <datafield tag="336" ind1=" " ind2=" ">
    <subfield code="a">spoken word</subfield>
    <subfield code="b">spw</subfield>
    <subfield code="1">http://rdaregistry.info/termList/RDAContentType/1013</subfield>
    <subfield code="2">rdacontent</subfield>
  </datafield>
  <datafield tag="337" ind1=" " ind2=" ">
    <subfield code="a">audio</subfield>
    <subfield code="b">s</subfield>
    <subfield code="1">http://rdaregistry.info/termList/RDAMediaType/1001</subfield>
    <subfield code="2">rdamedia</subfield>
  </datafield>
  <datafield tag="338" ind1="1" ind2="0">
    <subfield code="a">audio discs</subfield>
    <subfield code="b">sd</subfield>
    <subfield code="1">http://rdaregistry.info/termList/RDACarrierType/1004</subfield>
    <subfield code="2">rdacarrier</subfield>
  </datafield>
  <datafield tag="380" ind1=" " ind2=" ">
    <subfield code="a">Lectures</subfield>
    <subfield code="1">http://id.loc.gov/authorities/genreForms/gf2014026122</subfield>
    <subfield code="2">lcgft</subfield>
  </datafield>
  <datafield tag="440" ind1=" " ind2="0">
    <subfield code="a">Modern scholar</subfield>
  </datafield>
  <datafield tag="511" ind1="0" ind2=" ">
    <subfield code="a">Professor Monica Brzezinski Potkay, lecturer.</subfield>
  </datafield>
  <datafield tag="538" ind1=" " ind2=" ">
    <subfield code="a">Compact disc.</subfield>
  </datafield>
  <datafield tag="504" ind1=" " ind2=" ">
    <subfield code="a">Course guide includes bibliographical references.</subfield>
  </datafield>
  <datafield tag="520" ind1="3" ind2=" ">
    <subfield code="a">Provides an overview of the many different ways writers of fiction and nonfiction have imagined, and reimagined, the object known as the Grail, from its beginning as a powerful literary symbol in the late 12th and early 13th centuries up to the present time when it continues to fascinate many who search for the perfect spiritual wisdom it promises.</subfield>
  </datafield>
  <datafield tag="505" ind1="0" ind2=" ">
    <subfield code="a">Lecture 1. Chrétien de Troyes's Story of the Grail, or Perceval: Part I - Lecture 2. Chrétien de Troyes's Story of the Grail, or Perceval: Part II - Lecture 3. The prose trilogy based on Robert de Boron's Grail poems: Joseph of Arimathea, Merlin, and Perceval - Lecture 4. The Lancelot-Grail version of The quest of the Holy Grail - Lecture 5. Wolfram von Eschenbach's Parzival - Lecture 6. Alfred Lord Tennyson's Idylls of the king and Richard Wagner's opera Parsifal - Lecture 7. Scholarship in the 19th and 20th centuries - Lecture 8. Jessie Weston's From ritual to romance - Lecture 9. T. S. Eliot's The waste land - Lecture 10. Charles Williams's War in heaven - Lecture 11. Marion Zimmer Bradley's The Mists of Avalon - Lecture 12. A quintet of Grail films - Lecture 13. Michael Baigent, Richard Leigh, and Henry Lincoln's Holy blood, Holy Grail and Dan Brown's The Da Vinci code - Lecture 14. Umberto Eco's Foucault's pendu</subfield>
  </datafield>
  <datafield tag="650" ind1="u" ind2="m">
    <subfield code="a">Gr</subfield>
  </datafield>
  <datafield tag="650" ind1="i" ind2="l">
    <subfield code="a">Grail</subfield>
    <subfield code="v">Lege</subfield>
  </datafield>
  <datafield tag="650" ind1="d" ind2="s">
    <subfield code="a">Grail in motion pictu</subfield>
  </datafield>
  <datafield tag="700" ind1="1" ind2=" ">
    <subfield code="a">Bradley, Marion Zimmer,</subfield>
    <subfield code="t">The mists of Avalon</subfield>
    <subfield code="4">http://rdaregistry.info/Elements/w/critiqueOfWork.en</subfield>
    <subfield code="1">https://www.goodreads.com/book/show/40605251</subfield>
  </datafield>
</record>