

<record id="103">
  <!--done-->
  <leader>00462nam a2200133 i 4500</leader>
  <controlfield tag="001">000045261412</controlfield>
  <controlfield tag="008">180306t20142014waua          000 m eng</controlfield>
  <datafield tag="020" ind1=" " ind2=" ">
    <subfield code="a">9781619760608 (softcover)</subfield>
  </datafield>
  <datafield tag="100" ind1="1" ind2=" ">
    <subfield code="a">Goto, Hiromi,</subfield>
    <subfield code="d">1966-,</subfield>
    <subfield code="1">http://viaf.org/viaf/114529294</subfield>
    <subfield code="4">aut</subfield>
  </datafield>
  <datafield tag="240" ind1="0" ind2=" ">
    <subfield code="a">Systems fail</subfield>
    <subfield code="1">https://www.goodreads.com/book/show/23119401</subfield>
  </datafield>
  <datafield tag="245" ind1="1" ind2="0">
    <subfield code="a">Systems fail /</subfield>
    <subfield code="c">Hiromi Goto and N. K. Jemisin.</subfield>
  </datafield>
  <datafield tag="264" ind1=" " ind2="1">
    <subfield code="a">Seattle, WA :</subfield>
    <subfield code="b">Aqueduct Press,</subfield>
    <subfield code="c">[2014]</subfield>
  </datafield>
  <datafield tag="264" ind1=" " ind2="4">
    <subfield code="c">©20</subfield>
  </datafield>
  <datafield tag="300" ind1="4" ind2=" ">
    <subfield code="a">132 pages :</subfield>
    <subfield code="b">illustrations ;</subfield>
    <subfield code="c">21 cm</subfield>
  </datafield>
  <datafield tag="336" ind1=" " ind2=" ">
    <subfield code="a">text</subfield>
    <subfield code="b">txt</subfield>
    <subfield code="1">http://rdaregistry.info/termList/RDAContentType/1020</subfield>
    <subfield code="2">rdacontent</subfield>
  </datafield>
  <datafield tag="337" ind1=" " ind2=" ">
    <subfield code="a">unmediated</subfield>
    <subfield code="b">n</subfield>
    <subfield code="1">http://rdaregistry.info/termList/RDAMediaType/1007</subfield>
    <subfield code="2">rdamedia</subfield>
  </datafield>
  <datafield tag="338" ind1="1" ind2="0">
    <subfield code="a">volume</subfield>
    <subfield code="b">nc</subfield>
    <subfield code="1">http://rdaregistry.info/termList/RDACarrierType/1049</subfield>
    <subfield code="2">rdacarrier</subfield>
  </datafield>
  <datafield tag="380" ind1=" " ind2=" ">
    <subfield code="a">Literature</subfield>
    <subfield code="1">http://id.loc.gov/authorities/genreForms/gf2014026415</subfield>
    <subfield code="2">lcgft</subfield>
  </datafield>
  <datafield tag="505" ind1="0" ind2="0">
    <subfield code="t">The sleep clinic for troubled souls /</subfield>
    <subfield code="r">Hiromi Goto -</subfield>
    <subfield code="t">What isn't remembered /</subfield>
    <subfield code="r">Hiromi Goto -</subfield>
    <subfield code="t">Hiromi Goto: interviewed by Nisi Shawl /</subfield>
    <subfield code="r">Nisi Shawl and Hiromi Goto -</subfield>
    <subfield code="t">Non-zero probabilities /</subfield>
    <subfield code="r">N. K. Jemisin -</subfield>
    <subfield code="t">Essays: 2010-2013 /</subfield>
    <subfield code="r">N. K. Jemisin -</subfield>
    <subfield code="t">Dreaming awake /</subfield>
    <subfield code="r">N. K. Jemisin -</subfield>
    <subfield code="t">There's no such thing as a good stereotype /</subfield>
    <subfield code="r">N. K. Jemisin -</subfield>
    <subfield code="t">Fantastic profanity /</subfield>
    <subfield code="r">N. K. Jemisin -</subfield>
    <subfield code="t">Why I think RaceFail was the 'bestest thing evar' for SFF /</subfield>
    <subfield code="r">N. K. Jemisin -</subfield>
    <subfield code="t">Guest of Honor speech for Continuum IX. /</subfield>
    <subfield code="r">N. K. Jemisin -</subfield>
    <subfield code="t">Time to pick a side. /</subfield>
    <subfield code="r">N. K. Jemisin -</subfield>
    <subfield code="t">N. K. Jemisin interviewed by Karen Burnham /</subfield>
    <subfield code="r">Karen Burnham and N. K. Jemisin.</subfield>
  </datafield>
  <datafield tag="655" ind1=" " ind2="7">
    <subfield code="a">Short stories</subfield>
    <subfield code="2">lcgft</subfield>
  </datafield>
  <datafield tag="655" ind1=" " ind2="7">
    <subfield code="a">Interviews</subfield>
    <subfield code="2">lcgft</subfield>
  </datafield>
  <datafield tag="655" ind1=" " ind2="7">
    <subfield code="a">Essays</subfield>
    <subfield code="2">lcgft</subfield>
  </datafield>
  <datafield tag="655" ind1=" " ind2="7">
    <subfield code="a">Literary criticism</subfield>
    <subfield code="2">lcgft</subfield>
  </datafield>
  <datafield tag="700" ind1="1" ind2=" ">
    <subfield code="a">Jemisin, N. K.,</subfield>
    <subfield code="1">http://viaf.org/viaf/160100764</subfield>
    <subfield code="4">aut</subfield>
    <subfield code="4">ive</subfield>
  </datafield>
  <datafield tag="700" ind1="1" ind2=" ">
    <subfield code="a">Shawl, Nisi,</subfield>
    <subfield code="1">http://viaf.org/viaf/36396639</subfield>
    <subfield code="4">ivr</subfield>
  </datafield>
  <datafield tag="700" ind1="1" ind2=" ">
    <subfield code="a">Burnham, Karen,</subfield>
    <subfield code="1">http://viaf.org/viaf/305446914</subfield>
    <subfield code="4">ivr</subfield>
  </datafield>
</record>