


<record id="110">
  <!--done-->
  <leader>01422cam a2200337 a 4500</leader>
  <controlfield tag="001">015352768</controlfield>
  <controlfield tag="003">UkOxU</controlfield>
  <controlfield tag="005">20110704065352.0</controlfield>
  <controlfield tag="008">011102s2001    sw       b    001 0 eng c</controlfield>
  <datafield tag="020" ind1=" " ind2=" ">
    <subfield code="a">9155450938 (pbk.)</subfield>
  </datafield>
  <datafield tag="020" ind1=" " ind2=" ">
    <subfield code="z">9155450931 (pbk.)</subfield>
  </datafield>
  <datafield tag="035" ind1=" " ind2=" ">
    <subfield code="a">(OCoLC)ocm48267997</subfield>
  </datafield>
  <datafield tag="040" ind1=" " ind2=" ">
    <subfield code="e"/>
  </datafield>
  <datafield tag="042" ind1=" " ind2=" ">
    <subfield code="a">pcc</subfield>
  </datafield>
  <datafield tag="050" ind1=" " ind2="4">
    <subfield code="a">PN685</subfield>
    <subfield code="b">.H558 2001</subfield>
  </datafield>
  <datafield tag="072" ind1=" " ind2="7">
    <subfield code="a">PR</subfield>
    <subfield code="2">lcco</subfield>
  </datafield>
  <datafield tag="100" ind1="1" ind2=" ">
    <subfield code="a">Hildebrand, Kristina,</subfield>
    <subfield code="1">http://viaf.org/viaf/10095579</subfield>
    <subfield code="4">aut</subfield>
  </datafield>
  <datafield tag="240" ind1="0" ind2=" ">
    <subfield code="a">The female reader at the Round Table, religion and women in three contemporary Arthurian texts</subfield>
    <subfield code="1">https://www.goodreads.com/book/show/10468884</subfield>
  </datafield>
  <datafield tag="245" ind1="1" ind2="4">
    <subfield code="a">The female reader at the Round Table :</subfield>
    <subfield code="b">religion and women in three contemporary Arthurian texts /</subfield>
    <subfield code="c">Kristina Hildebrand.</subfield>
  </datafield>
  <datafield tag="260" ind1=" " ind2=" ">
    <subfield code="a">Uppsala :</subfield>
    <subfield code="b">Ubsaliensis S. Academiae :</subfield>
    <subfield code="b">Disbributor, Uppsala University Library,</subfield>
    <subfield code="c">2001.</subfield>
  </datafield>
  <datafield tag="300" ind1=" " ind2=" ">
    <subfield code="a">175 pages ;</subfield>
    <subfield code="c">23 cm.</subfield>
  </datafield>
  <datafield tag="336" ind1=" " ind2=" ">
    <subfield code="a">text</subfield>
    <subfield code="b">txt</subfield>
    <subfield code="1">http://rdaregistry.info/termList/RDAContentType/1020</subfield>
    <subfield code="2">rdacontent</subfield>
  </datafield>
  <datafield tag="337" ind1=" " ind2=" ">
    <subfield code="a">unmediated</subfield>
    <subfield code="b">n</subfield>
    <subfield code="1">http://rdaregistry.info/termList/RDAMediaType/1007</subfield>
    <subfield code="2">rdamedia</subfield>
  </datafield>
  <datafield tag="338" ind1="1" ind2="0">
    <subfield code="a">volume</subfield>
    <subfield code="b">nc</subfield>
    <subfield code="1">http://rdaregistry.info/termList/RDACarrierType/1049</subfield>
    <subfield code="2">rdacarrier</subfield>
  </datafield>
  <datafield tag="380" ind1=" " ind2=" ">
    <subfield code="a">Academic theses</subfield>
    <subfield code="1">http://id.loc.gov/authorities/genreForms/gf2014026039</subfield>
    <subfield code="2">lcgft</subfield>
  </datafield>
  <datafield tag="490" ind1="1" ind2=" ">
    <subfield code="a">Acta Universitatis Upsaliensis. Studia Anglistica Upsaliensia,</subfield>
    <subfield code="x">0562-2719 ;</subfield>
    <subfield code="v">115</subfield>
  </datafield>
  <datafield tag="502" ind1=" " ind2=" ">
    <subfield code="a">Presented as the author's doctoral thesis -Uppsala University, 2001.</subfield>
  </datafield>
  <datafield tag="504" ind1=" " ind2=" ">
    <subfield code="a">Includes bibliographical references (pages 167-173) and index.</subfield>
  </datafield>
  <datafield tag="600" ind1="1" ind2="0">
    <subfield code="a">Stewart, Mary,</subfield>
    <subfield code="d">1916-2014</subfield>
    <subfield code="x">Criticism and interpretation.</subfield>
    <subfield code="1">http://viaf.org/viaf/109491991</subfield>
  </datafield>
  <datafield tag="600" ind1="1" ind2="0">
    <subfield code="a">Bradley, Marion Zimmer,</subfield>
    <subfield code="x">Criticism and interpretation.</subfield>
    <subfield code="1">http://viaf.org/viaf/66464308</subfield>
  </datafield>
  <datafield tag="600" ind1="1" ind2="0">
    <subfield code="a">Lawhead, Stephen R.,</subfield>
    <subfield code="d">1950-</subfield>
    <subfield code="x">Criticism and interpretation.</subfield>
    <subfield code="1">http://viaf.org/viaf/115802821</subfield>
  </datafield>
  <datafield tag="650" ind1=" " ind2="0">
    <subfield code="a">Arthurian romances</subfield>
    <subfield code="x">History and criticism.</subfield>
  </datafield>
  <datafield tag="650" ind1=" " ind2="0">
    <subfield code="a">Women in literature</subfield>
  </datafield>
  <datafield tag="650" ind1=" " ind2="0">
    <subfield code="a">Religion in literature</subfield>
  </datafield>
  <datafield tag="700" ind1="1" ind2=" ">
    <subfield code="a">Bradley, Marion Zimmer,</subfield>
    <subfield code="t">The mists of Avalon</subfield>
    <subfield code="4">http://rdaregistry.info/Elements/w/critiqueOfWork.en</subfield>
    <subfield code="1">https://www.goodreads.com/book/show/40605251</subfield>
  </datafield>
  <datafield tag="830" ind1=" " ind2="0">
    <subfield code="a">Acta Universitatis Upsaliensis.</subfield>
    <subfield code="p">Studia Anglistica Upsaliensia,</subfield>
    <subfield code="x">0562-2719 ;</subfield>
    <subfield code="v">115</subfield>
    <subfield code="1">http://www.worldcat.org/oclc/1604290</subfield>
  </datafield>
</record>