

<!--
<record id="003">
<leader>00763cam a2200253   4500</leader>
<controlfield tag="001">999920081266902201</controlfield>
<controlfield tag="005">20180226123313.0</controlfield>
<controlfield tag="007">ta</controlfield>
<controlfield tag="008">011211s1998    xxu          |00| f eng c</controlfield>
<datafield tag="020" ind1=" " ind2=" ">
<subfield code="a">0-446-67433-8</subfield>
<subfield code="q">h.</subfield>
</datafield>
<datafield tag="020" ind1=" " ind2=" ">
<subfield code="a">9780446674331</subfield>
<subfield code="q">h.</subfield>
</datafield>
<datafield tag="040" ind1=" " ind2=" ">
<subfield code="e">katreg</subfield>
</datafield>
<datafield tag="082" ind1="0" ind2=" ">
<subfield code="a">813</subfield>
<subfield code="b">.54</subfield>
<subfield code="2">21</subfield>
</datafield>
<datafield tag="082" ind1=" " ind2="4">
<subfield code="a">813.54</subfield>
<subfield code="2">23</subfield>
</datafield>
<datafield tag="084" ind1=" " ind2=" ">
<subfield code="a">Heq.01</subfield>
<subfield code="2">kssb/7</subfield>
</datafield>
<datafield tag="100" ind1="1" ind2=" ">
<subfield code="a">Hopkinson, Nalo,</subfield>
<subfield code="1">http://viaf.org/viaf/14061281</subfield>
<subfield code="4">aut</subfield>
</datafield>
<datafield tag="245" ind1="0" ind2="0">
<subfield code="a">Brown girl in the ring /</subfield>
<subfield code="c">Nalo Hopkinson.</subfield>
</datafield>
<datafield tag="260" ind1=" " ind2=" ">
<subfield code="a">New York :</subfield>
<subfield code="b">Warner Books,</subfield>
<subfield code="c">1998</subfield>
</datafield>
<datafield tag="300" ind1=" " ind2=" ">
<subfield code="a">250 pages ;</subfield>
<subfield code="c">21 cm</subfield>
</datafield>
<datafield tag="650" ind1=" " ind2="0">
<subfield code="a">Inner cities</subfield>
<subfield code="x">Fiction</subfield>
</datafield>
<datafield tag="650" ind1=" " ind2="0">
<subfield code="a">Obeah (Cult)</subfield>
<subfield code="x">Fiction</subfield>
</datafield>
<datafield tag="650" ind1=" " ind2="0">
<subfield code="a">Future in popular culture</subfield>
<subfield code="x">Fiction</subfield>
</datafield>
<datafield tag="651" ind1=" " ind2="0">
<subfield code="a">Toronto (Ont.)</subfield>
<subfield code="x">Fiction</subfield>
</datafield>
</record>