


<record id="004">
<leader>00619cam a2200217 c 4500</leader>
<controlfield tag="001">990219018724702201</controlfield>
<controlfield tag="005">20150414112930.0</controlfield>
<controlfield tag="007">ta</controlfield>
<controlfield tag="008">150414s2001    xx#|||||||||||000|u|eng|d</controlfield>
<datafield tag="020" ind1=" " ind2=" ">
<subfield code="a">0446678031</subfield>
<subfield code="q">h.</subfield>
</datafield>
<datafield tag="035" ind1=" " ind2=" ">
<subfield code="a">021901872-47bibsys_network</subfield>
</datafield>
<datafield tag="035" ind1=" " ind2=" ">
<subfield code="a">(NO-TrBIB)021901872</subfield>
</datafield>
<datafield tag="040" ind1=" " ind2=" ">
<subfield code="e">katreg</subfield>
</datafield>
<datafield tag="100" ind1="1" ind2=" ">
<subfield code="a">Hopkinson, Nalo,</subfield>
<subfield code="1">http://viaf.org/viaf/14061281</subfield>
<subfield code="4">aut</subfield>
</datafield>
<datafield tag="245" ind1="1" ind2="0">
<subfield code="a">Skin folk /</subfield>
<subfield code="c">Nalo Hopkinson.</subfield>
</datafield>
<datafield tag="260" ind1=" " ind2=" ">
<subfield code="a">New York</subfield>
<subfield code="b">Warner Books</subfield>
<subfield code="c">c2001</subfield>
</datafield>
<datafield tag="300" ind1=" " ind2=" ">
<subfield code="a">255 pages.</subfield>
</datafield>
<datafield tag="336" ind1=" " ind2=" ">
<subfield code="a">text</subfield>
<subfield code="b">txt</subfield>
<subfield code="1">http://rdaregistry.info/termList/RDAContentType/1020</subfield>
<subfield code="2">rdacontent</subfield>
</datafield>
<datafield tag="337" ind1=" " ind2=" ">
<subfield code="a">unmediated</subfield>
<subfield code="b">n</subfield>
<subfield code="1">http://rdaregistry.info/termList/RDAMediaType/1007</subfield>
<subfield code="2">rdamedia</subfield>
</datafield>
<datafield tag="338" ind1="1" ind2="0">
<subfield code="a">volume</subfield>
<subfield code="b">nc</subfield>
<subfield code="1">http://rdaregistry.info/termList/RDACarrierType/1049</subfield>
<subfield code="2">rdacarrier</subfield>
</datafield>
<datafield tag="650" ind1=" " ind2="0">
<subfield code="a">Science fiction, Canadian</subfield>
</datafield>
<datafield tag="650" ind1=" " ind2="0">
<subfield code="a">Life on other planets</subfield>
</datafield>
<datafield tag="650" ind1=" " ind2="0">
<subfield code="a">West Indies</subfield>
<subfield code="x">Emigration and immigration</subfield>
</datafield>
</record>