
-->
<!--
<record id="007">
<leader>00607caa a2200193 c 4500</leader>
<controlfield tag="001">991512665494702201</controlfield>
<controlfield tag="005">20190130110852.0</controlfield>
<controlfield tag="007">ta</controlfield>
<controlfield tag="008">150623s2015    xx#|||||||||||000|u|eng|</controlfield>
<datafield tag="035" ind1=" " ind2=" ">
<subfield code="a">151266549-47bibsys_network</subfield>
</datafield>
<datafield tag="035" ind1=" " ind2=" ">
<subfield code="a">(NO-TrBIB)151266549</subfield>
</datafield>
<datafield tag="040" ind1=" " ind2=" ">
<subfield code="e">katreg</subfield>
</datafield>
<datafield tag="100" ind1="1" ind2=" ">
<subfield code="a">Lo, Malinda,</subfield>
<subfield code="e">author.</subfield>
<subfield code="0">http://viaf.org/viaf/264367410</subfield>
<subfield code="4">aut</subfield>
</datafield>
<datafield tag="245" ind1="1" ind2="0">
<subfield code="a">Reimagining the world</subfield>
<subfield code="c">Malinda Lo.</subfield>
</datafield>
<datafield tag="260" ind1=" " ind2=" ">
<subfield code="c">2015</subfield>
</datafield>
<datafield tag="300" ind1=" " ind2=" ">
<subfield code="a">s. 32-33</subfield>
<subfield code="b">illustrations</subfield>
</datafield>
<datafield tag="336" ind1=" " ind2=" ">
<subfield code="a">text</subfield>
<subfield code="b">txt</subfield>
<subfield code="1">http://rdaregistry.info/termList/RDAContentType/1020</subfield>
<subfield code="2">rdacontent</subfield>
</datafield>
<datafield tag="337" ind1=" " ind2=" ">
<subfield code="a">unmediated</subfield>
<subfield code="b">n</subfield>
<subfield code="1">http://rdaregistry.info/termList/RDAMediaType/1007</subfield>
<subfield code="2">rdamedia</subfield>
</datafield>
<datafield tag="338" ind1="1" ind2="0">
<subfield code="a">volume</subfield>
<subfield code="b">nc</subfield>
<subfield code="1">http://rdaregistry.info/termList/RDACarrierType/1049</subfield>
<subfield code="2">rdacarrier</subfield>
</datafield>
<datafield tag="380" ind1=" " ind2=" ">
<subfield code="a">Novels</subfield>
<subfield code="1">http://id.loc.gov/authorities/genreForms/gf2015026020</subfield>
<subfield code="2">lcgft</subfield>
</datafield>
<datafield tag="773" ind1="0" ind2=" ">
<subfield code="t">The Horn book magazine</subfield>
<subfield code="d">Boston, Mass. : Horn Book.</subfield>
<subfield code="g">91(2015)nr. 3</subfield>
<subfield code="x">0018-5078</subfield>
<subfield code="w">998720739044702201</subfield>
</datafield>
</record>