
-->
<!--
<record id="008">

<leader>02947pam a2200613 i 4500</leader>
<controlfield tag="001">018172052</controlfield>
<controlfield tag="003">Uk</controlfield>
<controlfield tag="005">20180329100732.0</controlfield>
<controlfield tag="008">170824s2017    nyu           000 1 eng d</controlfield>
<datafield tag="010" ind1=" " ind2=" ">
<subfield code="a">2017296594</subfield>
</datafield>
<datafield tag="015" ind1=" " ind2=" ">
<subfield code="a">GBB704920</subfield>
<subfield code="2">bnb</subfield>
</datafield>
<datafield tag="016" ind1="7" ind2=" ">
<subfield code="a">018172052</subfield>
<subfield code="2">Uk</subfield>
</datafield>
<datafield tag="020" ind1=" " ind2=" ">
<subfield code="a">9781681773216 (hardcover)</subfield>
</datafield>
<datafield tag="020" ind1=" " ind2=" ">
<subfield code="a">168177321X (hardcover)</subfield>
</datafield>
<datafield tag="035" ind1=" " ind2=" ">
<subfield code="a">(OCoLC)ocn951949665</subfield>
</datafield>
<datafield tag="040" ind1=" " ind2=" ">
<subfield code="e">rda</subfield>
</datafield>
<datafield tag="042" ind1=" " ind2=" ">
<subfield code="a">ukblcatcopy</subfield>
</datafield>
<datafield tag="050" ind1="0" ind2="0">
<subfield code="a">PS648.H6</subfield>
<subfield code="b">B58 2017</subfield>
</datafield>
<datafield tag="082" ind1="0" ind2="4">
<subfield code="a">813.0873808</subfield>
<subfield code="2">23</subfield>
</datafield>
<datafield tag="245" ind1="0" ind2="0">
<subfield code="a">Black feathers /</subfield>
<subfield code="c">edited by Ellen Datlow.</subfield>
</datafield>
<datafield tag="250" ind1=" " ind2=" ">
<subfield code="a">First Pegasus Books cloth edition.</subfield>
</datafield>
<datafield tag="264" ind1=" " ind2="1">
<subfield code="a">New York, NY :</subfield>
<subfield code="b">Pegasus Crime,</subfield>
<subfield code="c">2017.</subfield>
</datafield>
<datafield tag="300" ind1=" " ind2=" ">
<subfield code="a">xii, 308 pages ;</subfield>
<subfield code="c">24 cm.</subfield>
</datafield>
<datafield tag="336" ind1=" " ind2=" ">
<subfield code="a">text</subfield>
<subfield code="b">txt</subfield>
<subfield code="1">http://rdaregistry.info/termList/RDAContentType/1020</subfield>
<subfield code="2">rdacontent</subfield>
</datafield>
<datafield tag="337" ind1=" " ind2=" ">
<subfield code="a">unmediated</subfield>
<subfield code="b">n</subfield>
<subfield code="1">http://rdaregistry.info/termList/RDAMediaType/1007</subfield>
<subfield code="2">rdamedia</subfield>
</datafield>
<datafield tag="338" ind1="1" ind2="0">
<subfield code="a">volume</subfield>
<subfield code="b">nc</subfield>
<subfield code="1">http://rdaregistry.info/termList/RDACarrierType/1049</subfield>
<subfield code="2">rdacarrier</subfield>
</datafield>
<datafield tag="490" ind1="0" ind2=" ">
<subfield code="a">Dark avian tales: an anthology</subfield>
</datafield>
<datafield tag="520" ind1=" " ind2=" ">
<subfield code="a">An anthology of avian-themed stories explores the dark and magical qualities of birds.</subfield>
</datafield>
<datafield tag="505" ind1="0" ind2="0">
<subfield code="t">O terrible bird /</subfield>
<subfield code="r">Sandra Kasturi </subfield>
<subfield code="t">Obscure bird /</subfield>
<subfield code="r">Nicholas Royle </subfield>
<subfield code="t">Mathematical inevitably of corvids /</subfield>
<subfield code="r">Seanan McGuire </subfield>
<subfield code="t">Something about birds /</subfield>
<subfield code="r">Paul Tremblay </subfield>
<subfield code="t">Great blue heron /</subfield>
<subfield code="r">Joyce Carol Oates </subfield>
<subfield code="t">Season of raptors /</subfield>
<subfield code="r">Richard Bowes </subfield>
<subfield code="t">Orphan bird /</subfield>
<subfield code="r">Alison Littlewood </subfield>
<subfield code="t">Murmurations of Vienna Van Drome /</subfield>
<subfield code="r">Jeffrey Ford</subfield>
<subfield code="t">Blyth's secret /</subfield>
<subfield code="r">Mike O'Driscoll</subfield>
<subfield code="t">Fortune of sparrows /</subfield>
<subfield code="r">Usman T. Malik -</subfield>
<subfield code="t">Pigeon from hell /</subfield>
<subfield code="r">Stephen Graham Jones -</subfield>
<subfield code="t">Secret of flight /</subfield>
<subfield code="r">AC Wise -</subfield>
<subfield code="t">Isobel Avens returns to Stepney in the spring /</subfield>
<subfield code="r">M. John Harrison -</subfield>
<subfield code="t">Little bird told me /</subfield>
<subfield code="r">Pat Cadigan -</subfield>
<subfield code="t">Acid test /</subfield>
<subfield code="r">Livia Llewellyn -</subfield>
<subfield code="t">Crow palace /</subfield>
<subfield code="r">Priya Sharma.</subfield>
</datafield>
<datafield tag="500" ind1=" " ind2=" ">
<subfield code="a">Formerly CIP.</subfield>
<subfield code="5">Uk</subfield>
</datafield>
<datafield tag="650" ind1=" " ind2="0">
<subfield code="a">Birds</subfield>
<subfield code="v">Fiction.</subfield>
</datafield>
<datafield tag="650" ind1=" " ind2="0">
<subfield code="a">Horror tales, American</subfield>
</datafield>
<datafield tag="650" ind1=" " ind2="0">
<subfield code="a">Fantasy fiction, American</subfield>
</datafield>
<datafield tag="655" ind1=" " ind2="4">
<subfield code="a">Short stories</subfield>
</datafield>
<datafield tag="655" ind1=" " ind2="7">
<subfield code="a">Short stories</subfield>
<subfield code="2">gsafd</subfield>
</datafield>
<datafield tag="655" ind1=" " ind2="7">
<subfield code="a">Short stories</subfield>
<subfield code="2">lcgft</subfield>
</datafield>
<datafield tag="700" ind1="1" ind2="2">
<subfield code="a">Datlow, Ellen,</subfield>
<subfield code="e">editor.</subfield>
</datafield>
<datafield tag="700" ind1="1" ind2="2">
<subfield code="a">Kasturi, Sandra,</subfield>
<subfield code="d">1966-</subfield>
<subfield code="t">O terrible bird.</subfield>
</datafield>
<datafield tag="700" ind1="1" ind2="2">
<subfield code="a">Royle, Nicholas,</subfield>
<subfield code="d">1957-</subfield>
<subfield code="t">Obscure bird.</subfield>
</datafield>
<datafield tag="700" ind1="1" ind2="2">
<subfield code="a">McGuire, Seanan.</subfield>
<subfield code="t">Mathematical inevitability of corvids.</subfield>
<subfield code="1">http://viaf.org/viaf/103858307</subfield>
<subfield code="4">aut</subfield>
</datafield>
<datafield tag="700" ind1="1" ind2="2">
<subfield code="a">Tremblay, Paul.</subfield>
<subfield code="t">Something about birds.</subfield>
</datafield>
<datafield tag="700" ind1="1" ind2="2">
<subfield code="a">Oates, Joyce Carol,</subfield>
<subfield code="d">1938-</subfield>
<subfield code="t">Great blue heron.</subfield>
</datafield>
<datafield tag="700" ind1="1" ind2="2">
<subfield code="a">Bowes, Richard.</subfield>
<subfield code="t">Season of the raptors.</subfield>
</datafield>
<datafield tag="700" ind1="1" ind2="2">
<subfield code="a">Littlewood, Alison.</subfield>
<subfield code="t">Orphan bird.</subfield>
</datafield>
<datafield tag="700" ind1="1" ind2="2">
<subfield code="a">Ford, Jeffrey,</subfield>
<subfield code="d">1955-</subfield>
<subfield code="t">Murmurations of Vienna von Drome.</subfield>
</datafield>
<datafield tag="700" ind1="1" ind2="2">
<subfield code="a">O'Driscoll, Mike.</subfield>
<subfield code="t">Blyth's secret.</subfield>
</datafield>
<datafield tag="700" ind1="1" ind2="2">
<subfield code="a">Malik, Usman T.</subfield>
<subfield code="t">Fortune of sparrows.</subfield>
</datafield>
<datafield tag="700" ind1="1" ind2="2">
<subfield code="a">Jones, Stephen Graham,</subfield>
<subfield code="d">1972-</subfield>
<subfield code="t">Pigeon from hell.</subfield>
</datafield>
<datafield tag="700" ind1="1" ind2="2">
<subfield code="a">Wise, A. C.</subfield>
<subfield code="t">Secret of flight.</subfield>
</datafield>
<datafield tag="700" ind1="1" ind2="2">
<subfield code="a">Harrison, M. John</subfield>
<subfield code="q">(Michael John),</subfield>
<subfield code="d">1945-</subfield>
<subfield code="t">Isobel Avens returns to Stepney in the spring.</subfield>
</datafield>
<datafield tag="700" ind1="1" ind2="2">
<subfield code="a">Cadigan, Pat,</subfield>
<subfield code="d">1953-</subfield>
<subfield code="t">Little bird told me.</subfield>
</datafield>
<datafield tag="700" ind1="1" ind2="2">
<subfield code="a">Llewellyn, Livia.</subfield>
<subfield code="t">Acid test.</subfield>
</datafield>
<datafield tag="700" ind1="1" ind2="2">
<subfield code="a">Sharma, Priya.</subfield>
<subfield code="t">Crow palace.</subfield>
</datafield>
</record>