


<record id="038">
<leader>00808pam a2200289 a 4500</leader>
<controlfield tag="001">015612019</controlfield>
<controlfield tag="003">Uk</controlfield>
<controlfield tag="005">20120306100249.0</controlfield>
<controlfield tag="008">100722s2010    enk           000 1 eng|d</controlfield>
<datafield tag="015" ind1=" " ind2=" ">
<subfield code="a">GBB090282</subfield>
<subfield code="2">bnb</subfield>
</datafield>
<datafield tag="016" ind1="7" ind2=" ">
<subfield code="a">015612019</subfield>
<subfield code="2">Uk</subfield>
</datafield>
<datafield tag="020" ind1=" " ind2=" ">
<subfield code="a">9781841498188 (pbk.) :</subfield>
<subfield code="c">£7.99</subfield>
</datafield>
<datafield tag="020" ind1=" " ind2=" ">
<subfield code="a">1841498181 (pbk.) :</subfield>
<subfield code="c">£7.99</subfield>
</datafield>
<datafield tag="040" ind1=" " ind2=" ">
<subfield code="e"/>
</datafield>
<datafield tag="042" ind1=" " ind2=" ">
<subfield code="a">ukblcatcopy</subfield>
</datafield>
<datafield tag="082" ind1="0" ind2="4">
<subfield code="a">813.6</subfield>
<subfield code="2">22</subfield>
</datafield>
<datafield tag="100" ind1="1" ind2=" ">
<subfield code="a">Jemisin, N. K.,</subfield>
<subfield code="0"> http://viaf.org/viaf/160100764</subfield>
<subfield code="4">aut</subfield>
</datafield>
<datafield tag="245" ind1="1" ind2="4">
<subfield code="a">The broken kingdoms /</subfield>
<subfield code="c">N. K. Jemisin.</subfield>
</datafield>
<datafield tag="260" ind1=" " ind2=" ">
<subfield code="a">London :</subfield>
<subfield code="b">Orbit,</subfield>
<subfield code="c">2010.</subfield>
</datafield>
<datafield tag="300" ind1=" " ind2=" ">
<subfield code="a">398 pages ;</subfield>
<subfield code="c">20 cm.</subfield>
</datafield>
<datafield tag="336" ind1=" " ind2=" ">
<subfield code="a">text</subfield>
<subfield code="b">txt</subfield>
<subfield code="1">http://rdaregistry.info/termList/RDAContentType/1020</subfield>
<subfield code="2">rdacontent</subfield>
</datafield>
<datafield tag="337" ind1=" " ind2=" ">
<subfield code="a">unmediated</subfield>
<subfield code="b">n</subfield>
<subfield code="1">http://rdaregistry.info/termList/RDAMediaType/1007</subfield>
<subfield code="2">rdamedia</subfield>
</datafield>
<datafield tag="338" ind1="1" ind2="0">
<subfield code="a">volume</subfield>
<subfield code="b">nc</subfield>
<subfield code="1">http://rdaregistry.info/termList/RDACarrierType/1049</subfield>
<subfield code="2">rdacarrier</subfield>
</datafield>
<datafield tag="490" ind1="0" ind2=" ">
<subfield code="a">Inheritance ;</subfield>
<subfield code="v">2</subfield>
</datafield>
<datafield tag="500" ind1=" " ind2=" ">
<subfield code="a">Formerly CIP.</subfield>
<subfield code="5">Uk</subfield>
</datafield>
<datafield tag="655" ind1=" " ind2="0">
<subfield code="a">Fantasy fiction</subfield>
</datafield>
</record>