
-->
<!--
  <record id="041">
    <leader>02056 am a2200505ua 4500</leader>
    <controlfield tag="001">011366107</controlfield>
    <controlfield tag="005">20151218023800.0</controlfield>
    <controlfield tag="008">960116s1995    wlk    ||     000 ||ger</controlfield>
    <datafield tag="015" ind1=" " ind2=" ">
      <subfield code="a">GB9607630</subfield>
      <subfield code="2">bnb</subfield>
    </datafield>
    <datafield tag="019" ind1="y" ind2=" ">
      <subfield code="a">b9607630</subfield>
    </datafield>
    <datafield tag="019" ind1="9" ind2=" ">
      <subfield code="a">0773412433</subfield>
    </datafield>
    <datafield tag="019" ind1="1" ind2=" ">
      <subfield code="a">0773412433</subfield>
    </datafield>
    <datafield tag="020" ind1=" " ind2=" ">
      <subfield code="a">0773412433 :</subfield>
      <subfield code="c">No price</subfield>
    </datafield>
    <datafield tag="039" ind1="0" ind2=" ">
      <subfield code="a">2375</subfield>
    </datafield>
    <datafield tag="040" ind1=" " ind2=" ">
      <subfield code="e"/>
    </datafield>
    <datafield tag="082" ind1="0" ind2="4">
      <subfield code="a">813.009351</subfield>
      <subfield code="2">20</subfield>
    </datafield>
    <datafield tag="100" ind1="1" ind2="0">
      <subfield code="a">Essl, Monika,</subfield>
      <subfield code="0">http://viaf.org/viaf/57328495</subfield>
      <subfield code="4">aut</subfield>
    </datafield>
    <datafield tag="245" ind1="1" ind2="4">
      <subfield code="a">Die Rezeption des Artussotoffes in der englischen und amerikanischen Literatur des 20. Jahrhunderts bei Thomas Berger, Marion Zimmer Bradley, E.A. Robinson, Mary Stewart und T.H. White /</subfield>
      <subfield code="c">Monika Essl.</subfield>
    </datafield>
    <datafield tag="260" ind1=" " ind2=" ">
      <subfield code="a">Lewiston, N.Y. ;</subfield>
      <subfield code="a">Lampeter :</subfield>
      <subfield code="b">E. Mellen,</subfield>
      <subfield code="c">1995.</subfield>
    </datafield>
    <datafield tag="300" ind1=" " ind2=" ">
      <subfield code="a">237 pages ;</subfield>
      <subfield code="c">22cm.</subfield>
    </datafield>
    <datafield tag="336" ind1=" " ind2=" ">
      <subfield code="a">text</subfield>
      <subfield code="b">txt</subfield>
      <subfield code="1">http://rdaregistry.info/termList/RDAContentType/1020</subfield>
      <subfield code="2">rdacontent</subfield>
    </datafield>
    <datafield tag="337" ind1=" " ind2=" ">
      <subfield code="a">unmediated</subfield>
      <subfield code="b">n</subfield>
      <subfield code="1">http://rdaregistry.info/termList/RDAMediaType/1007</subfield>
      <subfield code="2">rdamedia</subfield>
    </datafield>
    <datafield tag="338" ind1="1" ind2="0">
      <subfield code="a">volume</subfield>
      <subfield code="b">nc</subfield>
      <subfield code="1">http://rdaregistry.info/termList/RDACarrierType/1049</subfield>
      <subfield code="2">rdacarrier</subfield>
    </datafield>
    <datafield tag="380" ind1=" " ind2=" ">
      <subfield code="a"></subfield>
      <subfield code="1">http://id.loc.gov/authorities/genreForms/</subfield>
      <subfield code="2">lcgft</subfield>
    </datafield>
    <datafield tag="490" ind1="1" ind2=" ">
      <subfield code="a">Salzburg English & American studies ;</subfield>
      <subfield code="v">22</subfield>
    </datafield>
    <datafield tag="490" ind1="1" ind2=" ">
      <subfield code="a">Salzburg University studies</subfield>
    </datafield>
    <datafield tag="504" ind1=" " ind2=" ">
      <subfield code="a">Includes bibliographical references (p 216-237).</subfield>
    </datafield>
    <datafield tag="600" ind1="1" ind2="4">
      <subfield code="a">Berger, Thomas,</subfield>
      <subfield code="d">1924-2014.</subfield>
      <subfield code="t">Arthur Rex.</subfield>
    </datafield>
    <datafield tag="600" ind1="1" ind2="4">
      <subfield code="a">Bradley, Marion Zimmer,</subfield>
      <subfield code="d">1930-.</subfield>
      <subfield code="e">author.</subfield>
      <subfield code="1">http://viaf.org/viaf/66464308</subfield>
      <subfield code="4">aut</subfield>
      <subfield code="t">Mists of Avalon.</subfield>
    </datafield>
    <datafield tag="600" ind1="1" ind2="4">
      <subfield code="a">Robinson, Edwin Arlington,</subfield>
      <subfield code="d">1869-1935</subfield>
      <subfield code="x">Knowledge</subfield>
      <subfield code="x">literature</subfield>
    </datafield>
    <datafield tag="600" ind1="1" ind2="4">
      <subfield code="a">Stewart, Mary,</subfield>
      <subfield code="d">1916-2014</subfield>
      <subfield code="x">Knowledge</subfield>
      <subfield code="x">literature</subfield>
    </datafield>
    <datafield tag="600" ind1="1" ind2="4">
      <subfield code="a">White, T. H.</subfield>
      <subfield code="q">(Terence Hanbury),</subfield>
      <subfield code="d">1906-1964.</subfield>
      <subfield code="t">Once and future king.</subfield>
    </datafield>
    <datafield tag="600" ind1="1" ind2="4">
      <subfield code="a">Malory, Thomas,</subfield>
      <subfield code="c">Sir,</subfield>
      <subfield code="d">active 15th century</subfield>
      <subfield code="x">Influence.</subfield>
    </datafield>
    <datafield tag="650" ind1=" " ind2="0">
      <subfield code="a">American literature</subfield>
      <subfield code="y">20th century</subfield>
      <subfield code="x">History and criticism.</subfield>
    </datafield>
    <datafield tag="650" ind1=" " ind2="0">
      <subfield code="a">Arthurian romances</subfield>
      <subfield code="x">Adaptations</subfield>
      <subfield code="x">History and criticism.</subfield>
    </datafield>
    <datafield tag="650" ind1=" " ind2="0">
      <subfield code="a">English fiction</subfield>
      <subfield code="y">20th century</subfield>
      <subfield code="x">History and criticism.</subfield>
    </datafield>
    <datafield tag="650" ind1=" " ind2="0">
      <subfield code="a">American literature</subfield>
      <subfield code="x">English influences.</subfield>
    </datafield>
    <datafield tag="650" ind1=" " ind2="0">
      <subfield code="a">Medievalism</subfield>
      <subfield code="x">History</subfield>
      <subfield code="y">20th century.</subfield>
    </datafield>
    <datafield tag="650" ind1=" " ind2="0">
      <subfield code="a">Kings and rulers in literature</subfield>
    </datafield>
    <datafield tag="651" ind1=" " ind2="0">
      <subfield code="a">Great Britain</subfield>
      <subfield code="x">In literature</subfield>
    </datafield>
    <datafield tag="653" ind1="1" ind2=" ">
      <subfield code="a">English fiction</subfield>
    </datafield>
    <datafield tag="653" ind1="1" ind2=" ">
      <subfield code="a">United States</subfield>
    </datafield>
    <datafield tag="830" ind1=" " ind2="0">
      <subfield code="a">Salzburg English & American studies ;</subfield>
      <subfield code="v">22.</subfield>
    </datafield>
    <datafield tag="830" ind1=" " ind2="0">
      <subfield code="a">Salzburg University Studies.</subfield>
    </datafield>
  </record>