
-->
<!--
<record id="044">
<leader>00838 am a2200289ua 4500</leader>
<controlfield tag="001">008097611</controlfield>
<controlfield tag="005">20091121231500.0</controlfield>
<controlfield tag="008">831003r19831982enk    ||     000 1|eng</controlfield>
<datafield tag="015" ind1=" " ind2=" ">
<subfield code="a">GB8337355</subfield>
<subfield code="2">bnb</subfield>
</datafield>
<datafield tag="019" ind1="y" ind2=" ">
<subfield code="a">b8337355</subfield>
</datafield>
<datafield tag="019" ind1="9" ind2=" ">
<subfield code="a">0718122704</subfield>
</datafield>
<datafield tag="019" ind1="1" ind2=" ">
<subfield code="a">0718122704</subfield>
</datafield>
<datafield tag="020" ind1=" " ind2=" ">
<subfield code="a">0718122704 :</subfield>
<subfield code="c">£9.95</subfield>
</datafield>
<datafield tag="039" ind1="0" ind2=" ">
<subfield code="a">1760</subfield>
</datafield>
<datafield tag="040" ind1=" " ind2=" ">
<subfield code="e"/>
</datafield>
<datafield tag="082" ind1="0" ind2="4">
<subfield code="a">823/.9/1</subfield>
<subfield code="2">18</subfield>
</datafield>
<datafield tag="082" ind1="0" ind2="4">
<subfield code="a">813/.54</subfield>
<subfield code="2">19</subfield>
</datafield>
<datafield tag="100" ind1="1" ind2=" ">
<subfield code="a">Bradley, Marion Zimmer,</subfield>
<subfield code="e">author.</subfield>
<subfield code="1">http://viaf.org/viaf/66464308</subfield>
<subfield code="4">aut</subfield>
</datafield>
<datafield tag="245" ind1="1" ind2="4">
<subfield code="a">The mists of Avalon /</subfield>
<subfield code="c">Marion Zimmer Bradley.</subfield>
</datafield>
<datafield tag="260" ind1=" " ind2=" ">
<subfield code="a">London :</subfield>
<subfield code="b">Joseph,</subfield>
<subfield code="c">1983, c1982.</subfield>
</datafield>
<datafield tag="300" ind1=" " ind2=" ">
<subfield code="a">xi, 876 pages ;</subfield>
<subfield code="c">24 cm.</subfield>
</datafield>
<datafield tag="336" ind1=" " ind2=" ">
<subfield code="a">text</subfield>
<subfield code="b">txt</subfield>
<subfield code="1">http://rdaregistry.info/termList/RDAContentType/1020</subfield>
<subfield code="2">rdacontent</subfield>
</datafield>
<datafield tag="337" ind1=" " ind2=" ">
<subfield code="a">unmediated</subfield>
<subfield code="b">n</subfield>
<subfield code="1">http://rdaregistry.info/termList/RDAMediaType/1007</subfield>
<subfield code="2">rdamedia</subfield>
</datafield>
<datafield tag="338" ind1="1" ind2="0">
<subfield code="a">volume</subfield>
<subfield code="b">nc</subfield>
<subfield code="1">http://rdaregistry.info/termList/RDACarrierType/1049</subfield>
<subfield code="2">rdacarrier</subfield>
</datafield>
<datafield tag="500" ind1=" " ind2=" ">
<subfield code="a">Originally published: New York : Knopf, 1982.</subfield>
</datafield>
<datafield tag="653" ind1=" " ind2=" ">
<subfield code="a">Fiction in English</subfield>
<subfield code="a">American writers</subfield>
<subfield code="a">1945-</subfield>
<subfield code="a">Texts</subfield>
</datafield>
</record>