


<record id="048">
<leader>03251cam a2200697 i 4500</leader>
<controlfield tag="001">19873831</controlfield>
<controlfield tag="005">20180820200705.0</controlfield>
<controlfield tag="008">170809s2016    nyu           000 j eng d</controlfield>
<datafield tag="010" ind1=" " ind2=" ">
<subfield code="a">2017296083</subfield>
</datafield>
<datafield tag="020" ind1=" " ind2=" ">
<subfield code="a">9780062391346 (pbk.)</subfield>
</datafield>
<datafield tag="020" ind1=" " ind2=" ">
<subfield code="a">0062391348 (pbk.)</subfield>
</datafield>
<datafield tag="035" ind1=" " ind2=" ">
<subfield code="a">(OCoLC)ocn948567728</subfield>
</datafield>
<datafield tag="040" ind1=" " ind2=" ">
<subfield code="e">rda</subfield>
</datafield>
<datafield tag="042" ind1=" " ind2=" ">
<subfield code="a">lccopycat</subfield>
</datafield>
<datafield tag="050" ind1="0" ind2="0">
<subfield code="a">PN6071.F25</subfield>
<subfield code="b">U727 2016</subfield>
</datafield>
<datafield tag="082" ind1="0" ind2="4">
<subfield code="a">813.0876608</subfield>
<subfield code="2">23</subfield>
</datafield>
<datafield tag="245" ind1="0" ind2="0">
<subfield code="a">Urban allies :</subfield>
<subfield code="b">ten brand-new collaborative stories /</subfield>
<subfield code="c">edited by Joseph Nassise.</subfield>
</datafield>
<datafield tag="250" ind1=" " ind2=" ">
<subfield code="a">First edition.</subfield>
</datafield>
<datafield tag="264" ind1=" " ind2="1">
<subfield code="a">New York, NY :</subfield>
<subfield code="b">Harper Voyager, an imprint of HarperCollins Publishers,</subfield>
<subfield code="c">[2016]</subfield>
</datafield>
<datafield tag="300" ind1=" " ind2=" ">
<subfield code="a">410 pages ;</subfield>
<subfield code="c">21 cm</subfield>
</datafield>
<datafield tag="336" ind1=" " ind2=" ">
<subfield code="a">text</subfield>
<subfield code="b">txt</subfield>
<subfield code="1">http://rdaregistry.info/termList/RDAContentType/1020</subfield>
<subfield code="2">rdacontent</subfield>
</datafield>
<datafield tag="337" ind1=" " ind2=" ">
<subfield code="a">unmediated</subfield>
<subfield code="b">n</subfield>
<subfield code="1">http://rdaregistry.info/termList/RDAMediaType/1007</subfield>
<subfield code="2">rdamedia</subfield>
</datafield>
<datafield tag="338" ind1="1" ind2="0">
<subfield code="a">volume</subfield>
<subfield code="b">nc</subfield>
<subfield code="1">http://rdaregistry.info/termList/RDACarrierType/1049</subfield>
<subfield code="2">rdacarrier</subfield>
</datafield>
<datafield tag="500" ind1=" " ind2=" ">
<subfield code="a">"An Urban Fantasy Anthology"Cover.</subfield>
</datafield>
<datafield tag="520" ind1=" " ind2=" ">
<subfield code="a">These collaborative stories unite two beloved characters from two different urban fantasy series in each of ten electrifying new stories.</subfield>
</datafield>
<datafield tag="505" ind1="0" ind2="0">
<subfield code="t">Ladies' fight /</subfield>
<subfield code="r">Caitlin Kittredge and Jaye Wells -</subfield>
<subfield code="t">Tailed /</subfield>
<subfield code="r">Seanan McGuire and Kelley Armstrong -</subfield>
<subfield code="t">Sweet, blissful certainty /</subfield>
<subfield code="r">Steven Savile and Craig Schaefer -</subfield>
<subfield code="t">Pig roast /</subfield>
<subfield code="r">Joseph Nassise and Sam Witt -</subfield>
<subfield code="t">Takes all kinds /</subfield>
<subfield code="r">Diana Rowland and Carrie Vaughn -</subfield>
<subfield code="t">The lessons of Room 19 /</subfield>
<subfield code="r">Weston Ochse and David Wellington -</subfield>
<subfield code="t">Blood for blood /</subfield>
<subfield code="r">Charlaine Harris and Christopher Golden -</subfield>
<subfield code="t">Spite house /</subfield>
<subfield code="r">C.E. Murphy and Kat Richardson -</subfield>
<subfield code="t">Crossed wires /</subfield>
<subfield code="r">Jeff Somers and Stephen Blackmoore -</subfield>
<subfield code="t">Weaponized hell /</subfield>
<subfield code="r">Larry Correia and Jonathan Maberry.</subfield>
</datafield>
<datafield tag="650" ind1=" " ind2="0">
<subfield code="a">Short stories, American</subfield>
</datafield>
<datafield tag="655" ind1=" " ind2="4">
<subfield code="a">Short stories</subfield>
</datafield>
<datafield tag="655" ind1=" " ind2="4">
<subfield code="a">Fantasy fiction</subfield>
</datafield>
<datafield tag="650" ind1=" " ind2="7">
<subfield code="a">Short stories, American</subfield>
<subfield code="2">fast</subfield>
<subfield code="0">(OCoLC)fst01117064</subfield>
</datafield>
<datafield tag="655" ind1=" " ind2="7">
<subfield code="a">Fantasy fiction</subfield>
<subfield code="2">fast</subfield>
<subfield code="0">(OCoLC)fst01726607</subfield>
</datafield>
<datafield tag="655" ind1=" " ind2="7">
<subfield code="a">Science fiction</subfield>
<subfield code="2">fast</subfield>
<subfield code="0">(OCoLC)fst01726489</subfield>
</datafield>
<datafield tag="655" ind1=" " ind2="7">
<subfield code="a">Short stories</subfield>
<subfield code="2">fast</subfield>
<subfield code="0">(OCoLC)fst01726740</subfield>
</datafield>
<datafield tag="655" ind1=" " ind2="7">
<subfield code="a">Science fiction</subfield>
<subfield code="2">gsafd</subfield>
</datafield>
<datafield tag="655" ind1=" " ind2="7">
<subfield code="a">Fantasy fiction</subfield>
<subfield code="2">gsafd</subfield>
</datafield>
<datafield tag="655" ind1=" " ind2="7">
<subfield code="a">Science fiction</subfield>
<subfield code="2">lcgft</subfield>
</datafield>
<datafield tag="655" ind1=" " ind2="7">
<subfield code="a">Fantasy fiction</subfield>
<subfield code="2">lcgft</subfield>
</datafield>
<datafield tag="655" ind1=" " ind2="7">
<subfield code="a">Short stories</subfield>
<subfield code="2">lcgft</subfield>
</datafield>
<datafield tag="700" ind1="1" ind2="2">
<subfield code="a">Nassise, Joseph,</subfield>
<subfield code="e">editor,</subfield>
<subfield code="e">author.</subfield>
<subfield code="4">aut</subfield>
</datafield>
<datafield tag="700" ind1="1" ind2="2">
<subfield code="a">Kittredge, Caitlin,</subfield>
<subfield code="e">author.</subfield>
<subfield code="4">aut</subfield>
</datafield>
<datafield tag="700" ind1="1" ind2="2">
<subfield code="a">Wells, Jaye,</subfield>
<subfield code="e">author.</subfield>
<subfield code="4">aut</subfield>
</datafield>
<datafield tag="700" ind1="1" ind2="2">
<subfield code="a">McGuire, Seanan,</subfield>
<subfield code="1">http://viaf.org/viaf/103858307</subfield>
<subfield code="4">aut</subfield>
</datafield>
<datafield tag="700" ind1="1" ind2="2">
<subfield code="a">Armstrong, Kelley,</subfield>
<subfield code="e">author.</subfield>
<subfield code="4">aut</subfield>
</datafield>
<datafield tag="700" ind1="1" ind2="2">
<subfield code="a">Savile, Steve,</subfield>
<subfield code="e">author.</subfield>
<subfield code="4">aut</subfield>
</datafield>
<datafield tag="700" ind1="1" ind2="2">
<subfield code="a">Schaefer, Craig</subfield>
<subfield code="c">(Fantasy fiction writer),</subfield>
<subfield code="e">author.</subfield>
<subfield code="4">aut</subfield>
</datafield>
<datafield tag="700" ind1="1" ind2="2">
<subfield code="a">Witt, Sam,</subfield>
<subfield code="e">author.</subfield>
<subfield code="4">aut</subfield>
</datafield>
<datafield tag="700" ind1="1" ind2="2">
<subfield code="a">Rowland, Diana,</subfield>
<subfield code="d">1966-</subfield>
<subfield code="e">author.</subfield>
<subfield code="4">aut</subfield>
</datafield>
<datafield tag="700" ind1="1" ind2="2">
<subfield code="a">Vaughn, Carrie,</subfield>
<subfield code="e">author.</subfield>
<subfield code="4">aut</subfield>
</datafield>
<datafield tag="700" ind1="1" ind2="2">
<subfield code="a">Ochse, Weston,</subfield>
<subfield code="e">author.</subfield>
<subfield code="4">aut</subfield>
</datafield>
<datafield tag="700" ind1="1" ind2="2">
<subfield code="a">Wellington, David,</subfield>
<subfield code="e">author.</subfield>
<subfield code="4">aut</subfield>
</datafield>
<datafield tag="700" ind1="1" ind2="2">
<subfield code="a">Harris, Charlaine,</subfield>
<subfield code="e">author.</subfield>
<subfield code="4">aut</subfield>
</datafield>
<datafield tag="700" ind1="1" ind2="2">
<subfield code="a">Golden, Christopher,</subfield>
<subfield code="e">author.</subfield>
<subfield code="4">aut</subfield>
</datafield>
<datafield tag="700" ind1="1" ind2="2">
<subfield code="a">Murphy, C. E.</subfield>
<subfield code="q">(Catie E.),</subfield>
<subfield code="e">author.</subfield>
<subfield code="4">aut</subfield>
</datafield>
<datafield tag="700" ind1="1" ind2="2">
<subfield code="a">Richardson, Kat,</subfield>
<subfield code="e">author.</subfield>
<subfield code="4">aut</subfield>
</datafield>
<datafield tag="700" ind1="1" ind2="2">
<subfield code="a">Somers, Jeff,</subfield>
<subfield code="d">1971-</subfield>
<subfield code="e">author.</subfield>
<subfield code="4">aut</subfield>
</datafield>
<datafield tag="700" ind1="1" ind2="2">
<subfield code="a">Blackmoore, Stephen,</subfield>
<subfield code="e">author.</subfield>
<subfield code="4">aut</subfield>
</datafield>
<datafield tag="700" ind1="1" ind2="2">
<subfield code="a">Correia, Larry,</subfield>
<subfield code="e">author.</subfield>
<subfield code="4">aut</subfield>
</datafield>
<datafield tag="700" ind1="1" ind2="2">
<subfield code="a">Maberry, Jonathan,</subfield>
<subfield code="e">author.</subfield>
<subfield code="4">aut</subfield>
</datafield>
</record>