
-->
<!--
<record id="053">
<leader>01946cam a2200313 i 4500</leader>
<controlfield tag="001">20647906</controlfield>
<controlfield tag="005">20181213145308.0</controlfield>
<controlfield tag="008">180828s2018    nyu           000 1 eng</controlfield>
<datafield tag="010" ind1=" " ind2=" ">
<subfield code="a">2018288329</subfield>
</datafield>
<datafield tag="020" ind1=" " ind2=" ">
<subfield code="a">9780756413804 (pbk.)</subfield>
</datafield>
<datafield tag="020" ind1=" " ind2=" ">
<subfield code="a">075641380X (pbk.)</subfield>
</datafield>
<datafield tag="040" ind1=" " ind2=" ">
<subfield code="e">rda</subfield>
</datafield>
<datafield tag="042" ind1=" " ind2=" ">
<subfield code="a">pcc</subfield>
</datafield>
<datafield tag="050" ind1="0" ind2="0">
<subfield code="a">PS3607.R36395</subfield>
<subfield code="b">G57 2018</subfield>
</datafield>
<datafield tag="082" ind1="0" ind2="0">
<subfield code="a">813/.6</subfield>
<subfield code="2">23</subfield>
</datafield>
<datafield tag="100" ind1="1" ind2=" ">
<subfield code="a">McGuire, Seanan,</subfield>
<subfield code="1">http://viaf.org/viaf/103858307</subfield>
<subfield code="4">aut</subfield>
</datafield>
<datafield tag="245" ind1="1" ind2="4">
<subfield code="a">The girl in the green silk gown /</subfield>
<subfield code="c">Seanan McGuire.</subfield>
</datafield>
<datafield tag="264" ind1=" " ind2="1">
<subfield code="a">New York, NY :</subfield>
<subfield code="b">DAW Books, Inc.,</subfield>
<subfield code="c">2018.</subfield>
</datafield>
<datafield tag="300" ind1=" " ind2=" ">
<subfield code="a">336 pages ;</subfield>
<subfield code="c">21 cm.</subfield>
</datafield>
<datafield tag="336" ind1=" " ind2=" ">
<subfield code="a">text</subfield>
<subfield code="b">txt</subfield>
<subfield code="1">http://rdaregistry.info/termList/RDAContentType/1020</subfield>
<subfield code="2">rdacontent</subfield>
</datafield>
<datafield tag="337" ind1=" " ind2=" ">
<subfield code="a">unmediated</subfield>
<subfield code="b">n</subfield>
<subfield code="1">http://rdaregistry.info/termList/RDAMediaType/1007</subfield>
<subfield code="2">rdamedia</subfield>
</datafield>
<datafield tag="338" ind1="1" ind2="0">
<subfield code="a">volume</subfield>
<subfield code="b">nc</subfield>
<subfield code="1">http://rdaregistry.info/termList/RDACarrierType/1049</subfield>
<subfield code="2">rdacarrier</subfield>
</datafield>
<datafield tag="490" ind1="0" ind2=" ">
<subfield code="a">DAW book collectors ;</subfield>
<subfield code="v">no. 1793</subfield>
</datafield>
<datafield tag="490" ind1="0" ind2=" ">
<subfield code="a">Book two of The ghost roads</subfield>
</datafield>
<datafield tag="520" ind1=" " ind2=" ">
<subfield code="a">"For Rose Marshall, death has long since become the only life she really knows. She's been sweet sixteen for more than sixty years, hitchhiking her way along the highways and byways of America, sometimes seen as an avenging angel, sometimes seen as a killer in her own right, but always Rose, the Phantom Prom Date, the Girl in the Green Silk Gown. The man who killed her is still out there, thanks to a crossroads bargain that won't let him die, and he's looking for the one who got away. When Bobby Cross comes back into the picture, there's going to be hell to pay - possibly literally. Rose has worked for decades to make a place for herself in the twilight. Can she defend it, when Bobby Cross comes to take her down? Can she find a way to navigate the worlds of the living and the dead, and make it home before her hitchhiker's luck runs out? There's only one way to know for- sure" - Provided by publisher.</subfield>
</datafield>
<datafield tag="650" ind1=" " ind2="0">
<subfield code="a">Immortality</subfield>
<subfield code="v">Fiction.</subfield>
</datafield>
</record>