
<record id="054">
<leader>01828cam a22003498i 4500</leader>
<controlfield tag="001">20690638</controlfield>
<controlfield tag="005">20180928155503.0</controlfield>
<controlfield tag="008">180928t20192018nyu           000 1 eng</controlfield>
<datafield tag="010" ind1=" " ind2=" ">
<subfield code="a">2018044548</subfield>
</datafield>
<datafield tag="020" ind1=" " ind2=" ">
<subfield code="a">9780765399298 (hardcover)</subfield>
</datafield>
<datafield tag="020" ind1=" " ind2=" ">
<subfield code="z">9780765399281 (ebook)</subfield>
</datafield>
<datafield tag="040" ind1=" " ind2=" ">
<subfield code="e">rda</subfield>
</datafield>
<datafield tag="042" ind1=" " ind2=" ">
<subfield code="a">pcc</subfield>
</datafield>
<datafield tag="050" ind1="0" ind2="0">
<subfield code="a">PS3607.R36395</subfield>
<subfield code="b">I52 2019</subfield>
</datafield>
<datafield tag="082" ind1="0" ind2="0">
<subfield code="a">813/.6</subfield>
<subfield code="2">23</subfield>
</datafield>
<datafield tag="100" ind1="1" ind2=" ">
<subfield code="a">McGuire, Seanan,</subfield>
<subfield code="1">http://viaf.org/viaf/103858307</subfield>
<subfield code="4">aut</subfield>
</datafield>
<datafield tag="245" ind1="1" ind2="0">
<subfield code="a">In an absent dream /</subfield>
<subfield code="c">Seanan McGuire.</subfield>
</datafield>
<datafield tag="250" ind1=" " ind2=" ">
<subfield code="a">First edition.</subfield>
</datafield>
<datafield tag="263" ind1=" " ind2=" ">
<subfield code="a">1901</subfield>
</datafield>
<datafield tag="264" ind1=" " ind2="1">
<subfield code="a">New York :</subfield>
<subfield code="b">Tor,</subfield>
<subfield code="c">2019.</subfield>
</datafield>
<datafield tag="264" ind1=" " ind2="4">
<subfield code="c">©20</subfield>
</datafield>
<datafield tag="300" ind1="8" ind2=" ">
<subfield code="a">pages</subfield>
</datafield>
<datafield tag="336" ind1="m" ind2=" ">
<subfield code="a">text</subfield>
<subfield code="b">txt</subfield>
<subfield code="2">rdaconte</subfield>
</datafield>
<datafield tag="337" ind1="t" ind2=" ">
<subfield code="a">unmediated</subfield>
<subfield code="b">n</subfield>
<subfield code="2">rdamed</subfield>
</datafield>
<datafield tag="338" ind1="a" ind2=" ">
<subfield code="a">volume</subfield>
<subfield code="b">nc</subfield>
<subfield code="2">rdacarri</subfield>
</datafield>
<datafield tag="500" ind1="r" ind2=" ">
<subfield code="a">"A Tom Doherty Associates Book</subfield>
</datafield>
<datafield tag="520" ind1=""" ind2=" ">
<subfield code="a">"Every Heart a Doorway racked up comparisons to C. S. Lewis and Lewis Carroll, and the Wayward Children series has delighted and mesmerized readers. This fourth entry tells the origin story of Lundy, a very serious young girl who would rather study and dream than become a respectable housewife and live up to the expectations of the world around her. As well she should. When she finds a doorway to a world founded on logic and reason, riddles and lies, she thinks she's found her paradise. Alas, everything costs at the goblin market, and when her time there is drawing to a close, she makes the kind of bargain that never plays out well. For anyone . . ."</subfield>
<subfield code="c">Provided by publishe</subfield>
</datafield>
<datafield tag="655" ind1="." ind2=" ">
<subfield code="a">Fantasy fiction</subfield>
<subfield code="2">gsa</subfield>
</datafield>
</record>