


<record id="062">
<leader>01848cam a2200325 a 4500</leader>
<controlfield tag="001">15596390</controlfield>
<controlfield tag="005">20100708100614.0</controlfield>
<controlfield tag="008">090123s2010    nyu           000 1 eng</controlfield>
<datafield tag="010" ind1=" " ind2=" ">
<subfield code="a">2009002075</subfield>
</datafield>
<datafield tag="020" ind1=" " ind2=" ">
<subfield code="a">9780316043915 (pbk.)</subfield>
</datafield>
<datafield tag="020" ind1=" " ind2=" ">
<subfield code="a">0316043915 (pbk.)</subfield>
</datafield>
<datafield tag="035" ind1=" " ind2=" ">
<subfield code="a">(OCoLC)ocn300280047</subfield>
</datafield>
<datafield tag="040" ind1=" " ind2=" ">
<subfield code="e"/>
</datafield>
<datafield tag="050" ind1="0" ind2="0">
<subfield code="a">PS3610.E46</subfield>
<subfield code="b">H86 2010</subfield>
</datafield>
<datafield tag="082" ind1="0" ind2="0">
<subfield code="a">813/.6</subfield>
<subfield code="2">22</subfield>
</datafield>
<datafield tag="100" ind1="1" ind2=" ">
<subfield code="a">Jemisin, N. K.,</subfield>
<subfield code="0"> http://viaf.org/viaf/160100764</subfield>
<subfield code="4">aut</subfield>
</datafield>
<datafield tag="245" ind1="1" ind2="4">
<subfield code="a">The hundred thousand kingdoms /</subfield>
<subfield code="c">N. K. Jemisin.</subfield>
</datafield>
<datafield tag="250" ind1=" " ind2=" ">
<subfield code="a">First edition.</subfield>
</datafield>
<datafield tag="260" ind1=" " ind2=" ">
<subfield code="a">New York :</subfield>
<subfield code="b">Orbit,</subfield>
<subfield code="c">2010.</subfield>
</datafield>
<datafield tag="300" ind1=" " ind2=" ">
<subfield code="a">427 pages ;</subfield>
<subfield code="c">21 cm.</subfield>
</datafield>
<datafield tag="336" ind1=" " ind2=" ">
<subfield code="a">text</subfield>
<subfield code="b">txt</subfield>
<subfield code="1">http://rdaregistry.info/termList/RDAContentType/1020</subfield>
<subfield code="2">rdacontent</subfield>
</datafield>
<datafield tag="337" ind1=" " ind2=" ">
<subfield code="a">unmediated</subfield>
<subfield code="b">n</subfield>
<subfield code="1">http://rdaregistry.info/termList/RDAMediaType/1007</subfield>
<subfield code="2">rdamedia</subfield>
</datafield>
<datafield tag="338" ind1="1" ind2="0">
<subfield code="a">volume</subfield>
<subfield code="b">nc</subfield>
<subfield code="1">http://rdaregistry.info/termList/RDACarrierType/1049</subfield>
<subfield code="2">rdacarrier</subfield>
</datafield>
<datafield tag="490" ind1="1" ind2=" ">
<subfield code="a">Inheritance trilogy ;</subfield>
<subfield code="v">bk. 1</subfield>
</datafield>
<datafield tag="500" ind1=" " ind2=" ">
<subfield code="a">Includes "Extras", interview with the author [p 417-421]. Also includes excerpt of "The broken kingdoms", book two of the Inheritance trilogy, by N.K. Jemisin [p.423-427].</subfield>
</datafield>
<datafield tag="520" ind1=" " ind2=" ">
<subfield code="a">Yeine Darr is an outcast from the barbarian north. But when her mother dies under mysterious circumstances, she is summoned to the majestic city of Sky. There, to her shock, Yeine is named an heiress to the king. But the throne of the Hundred Thousand Kingdoms is not easily won, and Yeine is thrust into a vicious power struggle with cousins she never knew she had. As she fights for her life, she draws ever closer to the secrets of her mother's death and her family's bloody history. - Book cover.</subfield>
</datafield>
<datafield tag="650" ind1=" " ind2="0">
<subfield code="a">Gods</subfield>
<subfield code="v">Fiction.</subfield>
</datafield>
<datafield tag="655" ind1=" " ind2="7">
<subfield code="a">Fantasy fiction</subfield>
<subfield code="2">gsafd</subfield>
</datafield>
<datafield tag="655" ind1=" " ind2="7">
<subfield code="a">Epic fiction</subfield>
<subfield code="2">gsafd</subfield>
</datafield>
<datafield tag="800" ind1="1" ind2=" ">
<subfield code="a">Jemisin, N. K.,</subfield>
<subfield code="t">Inheritance trilogy ;</subfield>
<subfield code="v">bk. 1.</subfield>
<subfield code="0"> http://viaf.org/viaf/160100764</subfield>
<subfield code="4">aut</subfield>
</datafield>
</record>