


<record id="063">
<leader>01349cam a2200385 i 4500</leader>
<controlfield tag="001">18303869</controlfield>
<controlfield tag="005">20151128083707.0</controlfield>
<controlfield tag="008">140915s2014    nyu           000 1 eng</controlfield>
<datafield tag="010" ind1=" " ind2=" ">
<subfield code="a">2014951263</subfield>
</datafield>
<datafield tag="020" ind1=" " ind2=" ">
<subfield code="a">9780316334006 (trade pbk.)</subfield>
</datafield>
<datafield tag="020" ind1=" " ind2=" ">
<subfield code="z">9780316333986 (ebk.)</subfield>
</datafield>
<datafield tag="040" ind1=" " ind2=" ">
<subfield code="e">rda</subfield>
</datafield>
<datafield tag="042" ind1=" " ind2=" ">
<subfield code="a">pcc</subfield>
</datafield>
<datafield tag="050" ind1="0" ind2="0">
<subfield code="a">PS3610.E46</subfield>
<subfield code="b">A6 2014</subfield>
</datafield>
<datafield tag="082" ind1="0" ind2="0">
<subfield code="a">813/.6</subfield>
<subfield code="2">23</subfield>
</datafield>
<datafield tag="100" ind1="1" ind2=" ">
<subfield code="a">Jemisin, N. K.,</subfield>
<subfield code="e">author.</subfield>
<subfield code="0"> http://viaf.org/viaf/160100764</subfield>
<subfield code="4">aut</subfield>
</datafield>
<datafield tag="240" ind1="1" ind2="0">
<subfield code="a">Novels.</subfield>
<subfield code="k">Selections</subfield>
</datafield>
<datafield tag="245" ind1="1" ind2="4">
<subfield code="a">The inheritance trilogy /</subfield>
<subfield code="c">N. K. Jemisin.</subfield>
</datafield>
<datafield tag="250" ind1=" " ind2=" ">
<subfield code="a">First edition.</subfield>
</datafield>
<datafield tag="264" ind1=" " ind2="1">
<subfield code="a">New York, NY :</subfield>
<subfield code="b">Orbit,</subfield>
<subfield code="c">2014.</subfield>
</datafield>
<datafield tag="300" ind1=" " ind2=" ">
<subfield code="a">1462 pages ;</subfield>
<subfield code="c">21 cm</subfield>
</datafield>
<datafield tag="336" ind1=" " ind2=" ">
<subfield code="a">text</subfield>
<subfield code="b">txt</subfield>
<subfield code="1">http://rdaregistry.info/termList/RDAContentType/1020</subfield>
<subfield code="2">rdacontent</subfield>
</datafield>
<datafield tag="337" ind1=" " ind2=" ">
<subfield code="a">unmediated</subfield>
<subfield code="b">n</subfield>
<subfield code="1">http://rdaregistry.info/termList/RDAMediaType/1007</subfield>
<subfield code="2">rdamedia</subfield>
</datafield>
<datafield tag="338" ind1="1" ind2="0">
<subfield code="a">volume</subfield>
<subfield code="b">nc</subfield>
<subfield code="1">http://rdaregistry.info/termList/RDACarrierType/1049</subfield>
<subfield code="2">rdacarrier</subfield>
</datafield>
<datafield tag="505" ind1="0" ind2=" ">
<subfield code="a">The hundred thousand kingdoms - The broken kingdoms - The kingdom of gods - The awakened kingdom.</subfield>
</datafield>
<datafield tag="650" ind1=" " ind2="0">
<subfield code="a">Gods</subfield>
<subfield code="v">Fiction.</subfield>
</datafield>
<datafield tag="655" ind1=" " ind2="7">
<subfield code="a">Epic fiction</subfield>
<subfield code="2">gsafd</subfield>
</datafield>
<datafield tag="655" ind1=" " ind2="7">
<subfield code="a">Fantasy fiction</subfield>
<subfield code="2">gsafd</subfield>
</datafield>
<datafield tag="700" ind1="1" ind2="2">
<subfield code="a">Jemisin, N. K.,</subfield>
<subfield code="e">author.</subfield>
<subfield code="0"> http://viaf.org/viaf/160100764</subfield>
<subfield code="4">aut</subfield>
<subfield code="t">Hundred thousand kingdoms.</subfield>
</datafield>
<datafield tag="700" ind1="1" ind2="2">
<subfield code="a">Jemisin, N. K.,</subfield>
<subfield code="e">author.</subfield>
<subfield code="0"> http://viaf.org/viaf/160100764</subfield>
<subfield code="4">aut</subfield>
<subfield code="t">Broken kingdoms.</subfield>
</datafield>
<datafield tag="700" ind1="1" ind2="2">
<subfield code="a">Jemisin, N. K.,</subfield>
<subfield code="e">author.</subfield>
<subfield code="0"> http://viaf.org/viaf/160100764</subfield>
<subfield code="4">aut</subfield>
<subfield code="t">Kingdom of gods.</subfield>
</datafield>
<datafield tag="700" ind1="1" ind2="2">
<subfield code="a">Jemisin, N. K.,</subfield>
<subfield code="e">author.</subfield>
<subfield code="0"> http://viaf.org/viaf/160100764</subfield>
<subfield code="4">aut</subfield>
<subfield code="t">Awakened kingdom.</subfield>
</datafield>
</record>