


<record id="065">
<leader>01355cam a22003253a 4500</leader>
<controlfield tag="001">17618196</controlfield>
<controlfield tag="005">20130624142902.0</controlfield>
<controlfield tag="008">130208r20122011nyua          000 f eng d</controlfield>
<datafield tag="010" ind1=" " ind2=" ">
<subfield code="a">2012663155</subfield>
</datafield>
<datafield tag="020" ind1=" " ind2=" ">
<subfield code="a">9780316043946 (pbk.)</subfield>
</datafield>
<datafield tag="020" ind1=" " ind2=" ">
<subfield code="a">031604394X (pbk.)</subfield>
</datafield>
<datafield tag="035" ind1=" " ind2=" ">
<subfield code="a">(OCoLC)ocn780717168</subfield>
</datafield>
<datafield tag="040" ind1=" " ind2=" ">
<subfield code="e"/>
</datafield>
<datafield tag="042" ind1=" " ind2=" ">
<subfield code="a">lccopycat</subfield>
</datafield>
<datafield tag="050" ind1="0" ind2="0">
<subfield code="a">CPB Box no. 3687 vol. 1</subfield>
</datafield>
<datafield tag="100" ind1="1" ind2=" ">
<subfield code="a">Jemisin, N. K.,</subfield>
<subfield code="0"> http://viaf.org/viaf/160100764</subfield>
<subfield code="4">aut</subfield>
</datafield>
<datafield tag="245" ind1="1" ind2="4">
<subfield code="a">The kingdom of gods /</subfield>
<subfield code="c">N. K. Jemisin.</subfield>
</datafield>
<datafield tag="250" ind1=" " ind2=" ">
<subfield code="a">1st mass market edition.</subfield>
</datafield>
<datafield tag="260" ind1=" " ind2=" ">
<subfield code="a">New York :</subfield>
<subfield code="b">Orbit,</subfield>
<subfield code="c">2012, c2011.</subfield>
</datafield>
<datafield tag="300" ind1=" " ind2=" ">
<subfield code="a">582 pages :</subfield>
<subfield code="b">illustrations ;</subfield>
<subfield code="c">18 cm.</subfield>
</datafield>
<datafield tag="336" ind1=" " ind2=" ">
<subfield code="a">text</subfield>
<subfield code="b">txt</subfield>
<subfield code="1">http://rdaregistry.info/termList/RDAContentType/1020</subfield>
<subfield code="2">rdacontent</subfield>
</datafield>
<datafield tag="337" ind1=" " ind2=" ">
<subfield code="a">unmediated</subfield>
<subfield code="b">n</subfield>
<subfield code="1">http://rdaregistry.info/termList/RDAMediaType/1007</subfield>
<subfield code="2">rdamedia</subfield>
</datafield>
<datafield tag="338" ind1="1" ind2="0">
<subfield code="a">volume</subfield>
<subfield code="b">nc</subfield>
<subfield code="1">http://rdaregistry.info/termList/RDACarrierType/1049</subfield>
<subfield code="2">rdacarrier</subfield>
</datafield>
<datafield tag="490" ind1="1" ind2=" ">
<subfield code="a">Book three of the Inheritance trilogy</subfield>
</datafield>
<datafield tag="520" ind1=" " ind2=" ">
<subfield code="a">For 2,000 years the Arameri family has ruled the world by enslaving the very gods that created mortalkind. Now the gods are free, and the Arameri's ruthless grip is slipping. Yet they are all that stands between peace and world-spanning, unending war.</subfield>
</datafield>
<datafield tag="650" ind1=" " ind2="0">
<subfield code="a">Gods</subfield>
<subfield code="v">Fiction.</subfield>
</datafield>
<datafield tag="655" ind1=" " ind2="7">
<subfield code="a">Fantasy fiction</subfield>
<subfield code="2">gsafd</subfield>
</datafield>
<datafield tag="655" ind1=" " ind2="7">
<subfield code="a">Epic fiction</subfield>
<subfield code="2">gsafd</subfield>
</datafield>
<datafield tag="710" ind1="2" ind2=" ">
<subfield code="a">Copyright Paperback Collection (Library of Congress)</subfield>
<subfield code="5">DLC</subfield>
</datafield>
<datafield tag="800" ind1="1" ind2=" ">
<subfield code="a">Jemisin, N. K.,</subfield>
<subfield code="t">Inheritance trilogy ;</subfield>
<subfield code="v">bk. 3.</subfield>
<subfield code="0"> http://viaf.org/viaf/160100764</subfield>
<subfield code="4">aut</subfield>
</datafield>
</record>