
-->
<!--
<record id="068">
<leader>01098cam a2200313 a 4500</leader>
<controlfield tag="001">16903220</controlfield>
<controlfield tag="005">20121109171121.0</controlfield>
<controlfield tag="008">110804s2012    nyu           000 f eng</controlfield>
<datafield tag="010" ind1=" " ind2=" ">
<subfield code="a">2011029875</subfield>
</datafield>
<datafield tag="020" ind1=" " ind2=" ">
<subfield code="a">9780316187299 (pbk.)</subfield>
</datafield>
<datafield tag="020" ind1=" " ind2=" ">
<subfield code="a">0316187291 (pbk.)</subfield>
</datafield>
<datafield tag="035" ind1=" " ind2=" ">
<subfield code="a">(OCoLC)ocn745609606</subfield>
</datafield>
<datafield tag="040" ind1=" " ind2=" ">
<subfield code="e"/>
</datafield>
<datafield tag="042" ind1=" " ind2=" ">
<subfield code="a">pcc</subfield>
</datafield>
<datafield tag="050" ind1="0" ind2="0">
<subfield code="a">PS3610.E46</subfield>
<subfield code="b">S53 2012</subfield>
</datafield>
<datafield tag="082" ind1="0" ind2="0">
<subfield code="a">813/.6</subfield>
<subfield code="2">23</subfield>
</datafield>
<datafield tag="100" ind1="1" ind2=" ">
<subfield code="a">Jemisin, N. K.,</subfield>
<subfield code="0"> http://viaf.org/viaf/160100764</subfield>
<subfield code="4">aut</subfield>
</datafield>
<datafield tag="245" ind1="1" ind2="4">
<subfield code="a">The shadowed sun /</subfield>
<subfield code="c">N. K. Jemisin.</subfield>
</datafield>
<datafield tag="250" ind1=" " ind2=" ">
<subfield code="a">First edition.</subfield>
</datafield>
<datafield tag="260" ind1=" " ind2=" ">
<subfield code="a">New York :</subfield>
<subfield code="b">Orbit,</subfield>
<subfield code="c">2012.</subfield>
</datafield>
<datafield tag="300" ind1=" " ind2=" ">
<subfield code="a">519 pages ;</subfield>
<subfield code="c">21 cm.</subfield>
</datafield>
<datafield tag="336" ind1=" " ind2=" ">
<subfield code="a">text</subfield>
<subfield code="b">txt</subfield>
<subfield code="1">http://rdaregistry.info/termList/RDAContentType/1020</subfield>
<subfield code="2">rdacontent</subfield>
</datafield>
<datafield tag="337" ind1=" " ind2=" ">
<subfield code="a">unmediated</subfield>
<subfield code="b">n</subfield>
<subfield code="1">http://rdaregistry.info/termList/RDAMediaType/1007</subfield>
<subfield code="2">rdamedia</subfield>
</datafield>
<datafield tag="338" ind1="1" ind2="0">
<subfield code="a">volume</subfield>
<subfield code="b">nc</subfield>
<subfield code="1">http://rdaregistry.info/termList/RDACarrierType/1049</subfield>
<subfield code="2">rdacarrier</subfield>
</datafield>
<datafield tag="490" ind1="0" ind2=" ">
<subfield code="a">Book two of dreamblood</subfield>
</datafield>
<datafield tag="650" ind1=" " ind2="0">
<subfield code="a">Epidemics</subfield>
<subfield code="v">Fiction.</subfield>
</datafield>
<datafield tag="650" ind1=" " ind2="0">
<subfield code="a">Nightmares</subfield>
<subfield code="v">Fiction.</subfield>
</datafield>
<datafield tag="655" ind1=" " ind2="7">
<subfield code="a">Fantasy fiction</subfield>
<subfield code="2">gsafd</subfield>
</datafield>
<datafield tag="800" ind1="1" ind2=" ">
<subfield code="a">Jemisin, N. K.,</subfield>
<subfield code="t">Dreamblood ;</subfield>
<subfield code="v">bk. 2.</subfield>
<subfield code="0"> http://viaf.org/viaf/160100764</subfield>
<subfield code="4">aut</subfield>
</datafield>
</record>