
-->
<!--
<record id="070">
<leader>05108cam a22005655i 4500</leader>
<controlfield tag="001">20360882</controlfield>
<controlfield tag="005">20190108153205.0</controlfield>
<controlfield tag="008">180215s2018    nyu           000 j eng d</controlfield>
<datafield tag="010" ind1=" " ind2=" ">
<subfield code="a">2018935008</subfield>
</datafield>
<datafield tag="020" ind1=" " ind2=" ">
<subfield code="a">9781598535808</subfield>
<subfield code="q">(hardcover)</subfield>
</datafield>
<datafield tag="020" ind1=" " ind2=" ">
<subfield code="a">1598535803</subfield>
<subfield code="q">(hardcover)</subfield>
</datafield>
<datafield tag="035" ind1=" " ind2=" ">
<subfield code="a">(OCoLC)on1055674248</subfield>
</datafield>
<datafield tag="040" ind1=" " ind2=" ">
<subfield code="e">rda</subfield>
</datafield>
<datafield tag="041" ind1="0" ind2=" ">
<subfield code="a">eng</subfield>
</datafield>
<datafield tag="042" ind1=" " ind2=" ">
<subfield code="a">lccopycat</subfield>
</datafield>
<datafield tag="082" ind1="0" ind2="4">
<subfield code="a">813.008/762099287</subfield>
<subfield code="2">23</subfield>
</datafield>
<datafield tag="097" ind1="0" ind2="0">
<subfield code="a">PS648.S3</subfield>
<subfield code="b">F88 2018</subfield>
</datafield>
<datafield tag="245" ind1="0" ind2="4">
<subfield code="a">The future is female! :</subfield>
<subfield code="b">25 classic science fiction stories by women, from pulp pioneers to Ursula K. Le Guin /</subfield>
<subfield code="c">edited by Lisa Yaszek.</subfield>
</datafield>
<datafield tag="264" ind1=" " ind2="1">
<subfield code="a">New York, NY :</subfield>
<subfield code="b">Library of America,</subfield>
<subfield code="c">[2018]</subfield>
</datafield>
<datafield tag="264" ind1=" " ind2="4">
<subfield code="c">©20</subfield>
</datafield>
<datafield tag="300" ind1="8" ind2=" ">
<subfield code="a">xxi, 530 pages ;</subfield>
<subfield code="c">22</subfield>
</datafield>
<datafield tag="336" ind1=" " ind2=" ">
<subfield code="a">text</subfield>
<subfield code="b">txt</subfield>
<subfield code="1">http://rdaregistry.info/termList/RDAContentType/1020</subfield>
<subfield code="2">rdacontent</subfield>
</datafield>
<datafield tag="337" ind1=" " ind2=" ">
<subfield code="a">unmediated</subfield>
<subfield code="b">n</subfield>
<subfield code="1">http://rdaregistry.info/termList/RDAMediaType/1007</subfield>
<subfield code="2">rdamedia</subfield>
</datafield>
<datafield tag="338" ind1="1" ind2="0">
<subfield code="a">volume</subfield>
<subfield code="b">nc</subfield>
<subfield code="1">http://rdaregistry.info/termList/RDACarrierType/1049</subfield>
<subfield code="2">rdacarrier</subfield>
</datafield>
<datafield tag="490" ind1="r" ind2=" ">
<subfield code="a">A Library of America special publicati</subfield>
</datafield>
<datafield tag="500" ind1="n" ind2=" ">
<subfield code="a">"A Library of America special publication</subfield>
</datafield>
<datafield tag="505" ind1=""" ind2=" ">
<subfield code="t">Introduction /</subfield>
<subfield code="r">Lisa Yaszek -The miracle of the lily /</subfield>
<subfield code="r">Clare Winger Harris -</subfield>
<subfield code="t">The conquest of Gola /</subfield>
<subfield code="r">Leslie F. Stone -The black god's kiss /</subfield>
<subfield code="r">C. L. Moore -</subfield>
<subfield code="t">Space episode /</subfield>
<subfield code="r">Leslie Perri -</subfield>
<subfield code="t">That only a mother /</subfield>
<subfield code="r">Judith Merril -</subfield>
<subfield code="t">In hiding /</subfield>
<subfield code="r">Wilmar H. Shiras -</subfield>
<subfield code="t">Contagion /</subfield>
<subfield code="r">Katherine Maclean -</subfield>
<subfield code="t">The inhabited men /</subfield>
<subfield code="r">Margaret St. Clair -</subfield>
<subfield code="t">Ararat /</subfield>
<subfield code="r">Zenna Henderson -</subfield>
<subfield code="t">All cats are gray /</subfield>
<subfield code="r">Andrew North -</subfield>
<subfield code="t">Created he them /</subfield>
<subfield code="r">Alice Eleanor Jones -</subfield>
<subfield code="t">Mr. Sakrison's halt /</subfield>
<subfield code="r">Mildred Clingerman -</subfield>
<subfield code="t">All the colors of the rainbow /</subfield>
<subfield code="r">Leigh Brackett -</subfield>
<subfield code="t">Pelt /</subfield>
<subfield code="r">Carol Emshwiller -</subfield>
<subfield code="t">Car pool /</subfield>
<subfield code="r">Rosel George Brown -</subfield>
<subfield code="t">For sale, reasonable /</subfield>
<subfield code="r">Elizabeth Mann Borgese  -</subfield>
<subfield code="t">Birth of a gardener /</subfield>
<subfield code="r">Doris Pitkin Buck -</subfield>
<subfield code="t">The tunnel ahead /</subfield>
<subfield code="r">Alice Glaser -</subfield>
<subfield code="t">The new you /</subfield>
<subfield code="r">Kit Reed -</subfield>
<subfield code="t">Another rib /</subfield>
<subfield code="r">John Jay Wells & Marion Zimmer Bradley -</subfield>
<subfield code="t">When I was Miss Dow /</subfield>
<subfield code="r">Sonya Dorman -</subfield>
<subfield code="t">Baby, you were great /</subfield>
<subfield code="r">Kate Wilhelm -</subfield>
<subfield code="t">The barbarian /</subfield>
<subfield code="r">Joanna Russ -</subfield>
<subfield code="t">The last flight of Dr. Ain /</subfield>
<subfield code="r">James Tiptree Jr -</subfield>
<subfield code="t">Nine lives /</subfield>
<subfield code="r">Ursula K Le Guin -</subfield>
<subfield code="t">Biographical note</subfield>
</datafield>
<datafield tag="520" ind1="." ind2=" ">
<subfield code="a">"Bending and stretching its conventions to imagine new, more feminist futures and new ways of experiencing gender, visionary women writers have been from the beginning an essential if often overlooked force in American science fiction. Two hundred years after Mary Shelley's Frankenstein, SF-expert Lisa Yaszek presents the best of this female tradition, from the pioneers of the Pulp Era to the radical innovators of the 1960s New Wave, in a landmark anthology that upends the common notion that SF was conceived by and for men Here are 25 mind-blowing SF classics that still shock and inspire: Judith Merril and Wilmar H. Shiras's startling near-future stories of the children of the new atomic age; Carol Emshwiller and Sonya Dorman's haunting explorations of alien otherness; dystopian fables of consumerism and overpopulation by Elizabeth Mann Borgese and Alice Glaser; evocations of cosmic horror from Margaret St. Clair and Andrew North (Andre Norton); and much more. Other writers here take on some of SF's sexist clichés and boldly rethink sex and gender from the ground up. C. L. Moore and Leslie Perri introduce courageous, unforgettable "sheroes"; Alice Eleanor Jones sounds a housewife's note of protest against the conformities of life in a postapocalyptic suburb; Leslie F. Stone envisions an interplanetary battle of the sexes, in which the matriarchs of Venus ward off unprovoked attacks by barbaric spacemen from Earth; John Jay Wells and Marion Zimmer Bradley wonder how future military men will feel about their pregnancies. The Future Is Female! is a star-spanning, soul-stirring, multidimensional voyage of literary-feminist exploration and recovery that will permanently alter your perceptions of American SF." -Publisher's webs</subfield>
</datafield>
<datafield tag="504" ind1="t" ind2="e">
<subfield code="a">Includes bibliographical referen</subfield>
</datafield>
<datafield tag="650" ind1="e" ind2="s">
<subfield code="a">Science fiction, Ameri</subfield>
</datafield>
<datafield tag="650" ind1="a" ind2="n">
<subfield code="a">Science fiction, American</subfield>
<subfield code="x">Women auth</subfield>
</datafield>
<datafield tag="650" ind1="r" ind2="s">
<subfield code="a">Short stories, Ameri</subfield>
</datafield>
<datafield tag="655" ind1="a" ind2="n">
<subfield code="a">Nonfict</subfield>
</datafield>
<datafield tag="650" ind1="o" ind2="n">
<subfield code="a">FICTION / Anthologies (multiple authors)</subfield>
<subfield code="2">bis</subfield>
</datafield>
<datafield tag="650" ind1="c" ind2="s">
<subfield code="a">FICTION / Science Fiction / Collections & Anthologies</subfield>
<subfield code="2">bis</subfield>
</datafield>
<datafield tag="650" ind1="c" ind2="s">
<subfield code="a">LITERARY COLLECTIONS / Women Authors.</subfield>
<subfield code="2">bis</subfield>
</datafield>
<datafield tag="650" ind1="c" ind2="s">
<subfield code="a">Science fiction, American</subfield>
<subfield code="2">fast</subfield>
<subfield code="0">(OCoLC)fst0110</subfield>
</datafield>
<datafield tag="650" ind1="6" ind2="3">
<subfield code="a">Science fiction, American</subfield>
<subfield code="x">Women authors.</subfield>
<subfield code="2">fast</subfield>
<subfield code="0">(OCoLC)fst0110</subfield>
</datafield>
<datafield tag="650" ind1="6" ind2="4">
<subfield code="a">Short stories, American</subfield>
<subfield code="2">fast</subfield>
<subfield code="0">(OCoLC)fst0111</subfield>
</datafield>
<datafield tag="655" ind1="0" ind2="6">
<subfield code="a">Science fiction</subfield>
<subfield code="2">fast</subfield>
<subfield code="0">(OCoLC)fst0172</subfield>
</datafield>
<datafield tag="655" ind1="4" ind2="8">
<subfield code="a">Short stories</subfield>
<subfield code="2">fast</subfield>
<subfield code="0">(OCoLC)fst0172</subfield>
</datafield>
<datafield tag="655" ind1="7" ind2="4">
<subfield code="a">Science fiction</subfield>
<subfield code="2">g</subfield>
</datafield>
<datafield tag="655" ind1="a" ind2="f">
<subfield code="a">Science fiction</subfield>
<subfield code="2">l</subfield>
</datafield>
<datafield tag="655" ind1="g" ind2="f">
<subfield code="a">Short stories</subfield>
<subfield code="2">l</subfield>
</datafield>
<datafield tag="700" ind1="g" ind2="f">
<subfield code="a">Yaszek, Lisa,</subfield>
<subfield code="d">1969-</subfield>
<subfield code="e">edi</subfield>
</datafield>
<datafield tag="830" ind1="o" ind2="r">
<subfield code="a">A Library of America special publicat</subfield>
</datafield>
</record>