
-->
<!--
<leader>03186cam a2200505 i 4500</leader>
<controlfield tag="001">19855123</controlfield>
<controlfield tag="005">20180820122551.0</controlfield>
<controlfield tag="008">170731s2017    nyua          000 1 eng d</controlfield>
<datafield tag="010" ind1=" " ind2=" ">
<subfield code="a">2017288672</subfield>
</datafield>
<datafield tag="020" ind1=" " ind2=" ">
<subfield code="a">9781481485593 (hardcover)</subfield>
</datafield>
<datafield tag="020" ind1=" " ind2=" ">
<subfield code="a">1481485598 (hardcover)</subfield>
</datafield>
<datafield tag="020" ind1=" " ind2=" ">
<subfield code="a">148148558X (paperback)</subfield>
</datafield>
<datafield tag="020" ind1=" " ind2=" ">
<subfield code="a">9781481485586 (paperback)</subfield>
</datafield>
<datafield tag="035" ind1=" " ind2=" ">
<subfield code="a">(OCoLC)ocn952647955</subfield>
</datafield>
<datafield tag="040" ind1=" " ind2=" ">
<subfield code="e">rda</subfield>
</datafield>
<datafield tag="042" ind1=" " ind2=" ">
<subfield code="a">lccopycat</subfield>
</datafield>
<datafield tag="050" ind1="0" ind2="0">
<subfield code="a">PS3561.U777</subfield>
<subfield code="b">T74 2017</subfield>
</datafield>
<datafield tag="082" ind1="0" ind2="4">
<subfield code="a">813/.6</subfield>
<subfield code="2">23</subfield>
</datafield>
<datafield tag="100" ind1="1" ind2=" ">
<subfield code="a">Kushner, Ellen,</subfield>
<subfield code="1">http://viaf.org/viaf/69609975</subfield>
<subfield code="4">aut</subfield>
</datafield>
<datafield tag="245" ind1="1" ind2="0">
<subfield code="a">Tremontaine.</subfield>
<subfield code="n">Season 1 /</subfield>
<subfield code="c">created by Ellen Kushner ; written by Ellen Kushner, Alaya Dawn Johnson, Malinda Lo, Joel Derfner, Patty Bryant, Raceline Maltese, Paul Witcover ; illustrated by Kathleen Jennings.</subfield>
</datafield>
<datafield tag="250" ind1=" " ind2=" ">
<subfield code="a">First Saga Press hardcover edition.</subfield>
</datafield>
<datafield tag="264" ind1=" " ind2="1">
<subfield code="a">New York, New York :</subfield>
<subfield code="b">Saga Press, an imprint of Simon & Schuster, Inc.,</subfield>
<subfield code="c">2017.</subfield>
</datafield>
<datafield tag="300" ind1=" " ind2=" ">
<subfield code="a">673 pages :</subfield>
<subfield code="b">illustrations ;</subfield>
<subfield code="c">22 cm</subfield>
</datafield>
<datafield tag="336" ind1=" " ind2=" ">
<subfield code="a">text</subfield>
<subfield code="b">txt</subfield>
<subfield code="1">http://rdaregistry.info/termList/RDAContentType/1020</subfield>
<subfield code="2">rdacontent</subfield>
</datafield>
<datafield tag="337" ind1=" " ind2=" ">
<subfield code="a">unmediated</subfield>
<subfield code="b">n</subfield>
<subfield code="1">http://rdaregistry.info/termList/RDAMediaType/1007</subfield>
<subfield code="2">rdamedia</subfield>
</datafield>
<datafield tag="338" ind1="1" ind2="0">
<subfield code="a">volume</subfield>
<subfield code="b">nc</subfield>
<subfield code="1">http://rdaregistry.info/termList/RDACarrierType/1049</subfield>
<subfield code="2">rdacarrier</subfield>
</datafield>
<datafield tag="500" ind1=" " ind2=" ">
<subfield code="a">"Originally published in e-serial format online." -Title page verso.</subfield>
</datafield>
<datafield tag="505" ind1="0" ind2=" ">
<subfield code="a">Episode one. Arrivals / Ellen Kushner - Episode two. The north side of the sun / Alaya Dawn Johnson - Episode three. Heavenly bodies / Joel Derfner - Episode four. A wake in Riverside / Malinda Lo - Episode five. The dagger and the sword / Alaya Dawn Johnson - Episode six. A fair hand / Patty Bryant and Racheline Maltese - Episode seven. The swan ball / Joel Derfner - Episode eight. A city without chocolate / Malinda Lo - Episode nine. Lies in our stars / Paul Witcover - Episode ten. Shadowroot / Joel Derfner - Episode eleven. Go and tell the morning star / Alaya Dawn Johnson - Episode twelve. A tale of two ladies / Malinda Lo - Episode thirteen. Departures / Ellen Kushner.</subfield>
</datafield>
<datafield tag="520" ind1=" " ind2=" ">
<subfield code="a">"A duchess's beauty matched only by her cunning; her husband's dangerous affair with a handsome scholar; a foreigner in a playground of swordplay and secrets; and a mathematical genius on the brink of revolution. Suddenly long-buried lies threaten to come to light and betrayal and treachery run rampant in this story of sparkling wit and political intrigue." -Amazon.com.</subfield>
</datafield>
<datafield tag="650" ind1=" " ind2="0">
<subfield code="a">Fantasy fiction, American</subfield>
</datafield>
<datafield tag="650" ind1=" " ind2="7">
<subfield code="a">FICTION / Fantasy / Collections & Anthologies</subfield>
<subfield code="2">bisacsh</subfield>
</datafield>
<datafield tag="650" ind1=" " ind2="7">
<subfield code="a">FICTION / Fantasy / Historical</subfield>
<subfield code="2">bisacsh</subfield>
</datafield>
<datafield tag="655" ind1=" " ind2="7">
<subfield code="a">Fantasy fiction</subfield>
<subfield code="2">lcgft</subfield>
</datafield>
<datafield tag="655" ind1=" " ind2="7">
<subfield code="a">Serialized fiction</subfield>
<subfield code="2">lcgft</subfield>
</datafield>
<datafield tag="700" ind1="1" ind2="2">
<subfield code="a">Johnson, Alaya Dawn,</subfield>
<subfield code="d">1982-</subfield>
<subfield code="e">author.</subfield>
<subfield code="4">aut</subfield>
</datafield>
<datafield tag="700" ind1="1" ind2="2">
<subfield code="a">Lo, Malinda,</subfield>
<subfield code="e">author.</subfield>
<subfield code="0"> http://viaf.org/viaf/264367410</subfield>
<subfield code="4">aut</subfield>
</datafield>
<datafield tag="700" ind1="1" ind2="2">
<subfield code="a">Derfner, Joel,</subfield>
<subfield code="e">author.</subfield>
<subfield code="4">aut</subfield>
</datafield>
<datafield tag="700" ind1="1" ind2="2">
<subfield code="a">Bryant, Patty,</subfield>
<subfield code="e">author.</subfield>
<subfield code="4">aut</subfield>
</datafield>
<datafield tag="700" ind1="1" ind2="2">
<subfield code="a">Maltese, Racheline,</subfield>
<subfield code="d">1972-</subfield>
<subfield code="e">author.</subfield>
<subfield code="4">aut</subfield>
</datafield>
<datafield tag="700" ind1="1" ind2="2">
<subfield code="a">Witcover, Paul,</subfield>
<subfield code="e">author.</subfield>
<subfield code="4">aut</subfield>
</datafield>
<datafield tag="700" ind1="1" ind2="2">
<subfield code="a">Jennings, Kathleen</subfield>
<subfield code="c">(Illustrator),</subfield>
<subfield code="e">illustrator.</subfield>
</datafield>
<datafield tag="700" ind1="1" ind2="2">
<subfield code="a">Kushner, Ellen.</subfield>
<subfield code="t">Swordspoint.</subfield>
<subfield code="i">Prequel to (work):</subfield>
<subfield code="1">http://viaf.org/viaf/69609975</subfield>
<subfield code="4">aut</subfield>
</datafield>
</record>