
-->
<!--
<record id="076">
<leader>01537cam a2200385 i 4500</leader>
<controlfield tag="001">17577769</controlfield>
<controlfield tag="005">20151015115848.0</controlfield>
<controlfield tag="008">130102s2013    nyu    d      000 1 eng</controlfield>
<datafield tag="010" ind1=" " ind2=" ">
<subfield code="a">2012048433</subfield>
</datafield>
<datafield tag="020" ind1=" " ind2=" ">
<subfield code="a">9780316198004</subfield>
</datafield>
<datafield tag="040" ind1=" " ind2=" ">
<subfield code="e">rda</subfield>
</datafield>
<datafield tag="042" ind1=" " ind2=" ">
<subfield code="a">pcc</subfield>
<subfield code="a">lcac</subfield>
</datafield>
<datafield tag="050" ind1="0" ind2="0">
<subfield code="a">PZ7.L778786</subfield>
<subfield code="b">Inh 2013</subfield>
</datafield>
<datafield tag="082" ind1="0" ind2="0">
<subfield code="a">[Fic]</subfield>
<subfield code="2">23</subfield>
</datafield>
<datafield tag="100" ind1="1" ind2=" ">
<subfield code="a">Lo, Malinda,</subfield>
<subfield code="0">http://viaf.org/viaf/264367410</subfield>
<subfield code="4">aut</subfield>
</datafield>
<datafield tag="245" ind1="1" ind2="0">
<subfield code="a">Inheritance /</subfield>
<subfield code="c">Malinda Lo.</subfield>
</datafield>
<datafield tag="250" ind1=" " ind2=" ">
<subfield code="a">First edition.</subfield>
</datafield>
<datafield tag="264" ind1=" " ind2="1">
<subfield code="a">New York ;</subfield>
<subfield code="a">Boston :</subfield>
<subfield code="b">Little, Brown and Company,</subfield>
<subfield code="c">2013.</subfield>
</datafield>
<datafield tag="300" ind1=" " ind2=" ">
<subfield code="a">470 pages ;</subfield>
<subfield code="c">22 cm</subfield>
</datafield>
<datafield tag="336" ind1=" " ind2=" ">
<subfield code="a">text</subfield>
<subfield code="b">txt</subfield>
<subfield code="1">http://rdaregistry.info/termList/RDAContentType/1020</subfield>
<subfield code="2">rdacontent</subfield>
</datafield>
<datafield tag="337" ind1=" " ind2=" ">
<subfield code="a">unmediated</subfield>
<subfield code="b">n</subfield>
<subfield code="1">http://rdaregistry.info/termList/RDAMediaType/1007</subfield>
<subfield code="2">rdamedia</subfield>
</datafield>
<datafield tag="338" ind1="1" ind2="0">
<subfield code="a">volume</subfield>
<subfield code="b">nc</subfield>
<subfield code="1">http://rdaregistry.info/termList/RDACarrierType/1049</subfield>
<subfield code="2">rdacarrier</subfield>
</datafield>
<datafield tag="380" ind1=" " ind2=" ">
<subfield code="a"></subfield>
<subfield code="1">http://id.loc.gov/authorities/genreForms/</subfield>
<subfield code="2">lcgft</subfield>
</datafield>
<datafield tag="500" ind1=" " ind2=" ">
<subfield code="a">Sequel to: Adaptation.</subfield>
</datafield>
<datafield tag="520" ind1=" " ind2=" ">
<subfield code="a">When teens Reese and David are kidnapped after revealing that they were adapted with alien DNA, Reese is forced to reconcile her new love for David, a human, with feelings for Amber, an Imrian, and make a world-changing choice.</subfield>
</datafield>
<datafield tag="650" ind1=" " ind2="1">
<subfield code="a">Science fiction</subfield>
</datafield>
<datafield tag="650" ind1=" " ind2="1">
<subfield code="a">Conspiracies</subfield>
<subfield code="v">Fiction.</subfield>
</datafield>
<datafield tag="650" ind1=" " ind2="1">
<subfield code="a">Genetic engineering</subfield>
<subfield code="v">Fiction.</subfield>
</datafield>
<datafield tag="650" ind1=" " ind2="1">
<subfield code="a">Extraterrestrial beings</subfield>
<subfield code="v">Fiction.</subfield>
</datafield>
<datafield tag="650" ind1=" " ind2="1">
<subfield code="a">Sexual orientation</subfield>
<subfield code="v">Fiction.</subfield>
</datafield>
<datafield tag="650" ind1=" " ind2="1">
<subfield code="a">Love</subfield>
<subfield code="v">Fiction.</subfield>
</datafield>
<datafield tag="650" ind1=" " ind2="1">
<subfield code="a">Kidnapping</subfield>
<subfield code="v">Fiction.</subfield>
</datafield>
</record>