


<record id="080">
<leader>01720cam a2200385 i 4500</leader>
<controlfield tag="001">18380402</controlfield>
<controlfield tag="005">20160705090826.0</controlfield>
<controlfield tag="008">141120s2015    nyu    d b    000 1 eng</controlfield>
<datafield tag="010" ind1=" " ind2=" ">
<subfield code="a">2014041260</subfield>
</datafield>
<datafield tag="020" ind1=" " ind2=" ">
<subfield code="a">9780062382771 (hardcover)</subfield>
</datafield>
<datafield tag="040" ind1=" " ind2=" ">
<subfield code="e">rda</subfield>
</datafield>
<datafield tag="042" ind1=" " ind2=" ">
<subfield code="a">pcc</subfield>
<subfield code="a">lcac</subfield>
</datafield>
<datafield tag="050" ind1="0" ind2="0">
<subfield code="a">PZ7.1.L42</subfield>
<subfield code="b">Thi 2015</subfield>
</datafield>
<datafield tag="082" ind1="0" ind2="0">
<subfield code="a">[Fic]</subfield>
<subfield code="2">23</subfield>
</datafield>
<datafield tag="100" ind1="1" ind2=" ">
<subfield code="a">Lee, Mackenzi,</subfield>
<subfield code="1">http://viaf.org/viaf/311768712</subfield>
<subfield code="4">aut</subfield>
</datafield>
<datafield tag="245" ind1="1" ind2="4">
<subfield code="a">This monstrous thing /</subfield>
<subfield code="c">Mackenzi Lee.</subfield>
</datafield>
<datafield tag="250" ind1=" " ind2=" ">
<subfield code="a">First edition.</subfield>
</datafield>
<datafield tag="264" ind1=" " ind2="1">
<subfield code="a">New York, NY :</subfield>
<subfield code="b">Katherine Tegen Books, an imprint of HarperCollinsPublishers,</subfield>
<subfield code="c">[2015]</subfield>
</datafield>
<datafield tag="300" ind1=" " ind2=" ">
<subfield code="a">371 pages ;</subfield>
<subfield code="c">22 cm</subfield>
</datafield>
<datafield tag="336" ind1=" " ind2=" ">
<subfield code="a">text</subfield>
<subfield code="b">txt</subfield>
<subfield code="1">http://rdaregistry.info/termList/RDAContentType/1020</subfield>
<subfield code="2">rdacontent</subfield>
</datafield>
<datafield tag="337" ind1=" " ind2=" ">
<subfield code="a">unmediated</subfield>
<subfield code="b">n</subfield>
<subfield code="1">http://rdaregistry.info/termList/RDAMediaType/1007</subfield>
<subfield code="2">rdamedia</subfield>
</datafield>
<datafield tag="338" ind1="1" ind2="0">
<subfield code="a">volume</subfield>
<subfield code="b">nc</subfield>
<subfield code="1">http://rdaregistry.info/termList/RDACarrierType/1049</subfield>
<subfield code="2">rdacarrier</subfield>
</datafield>
<datafield tag="520" ind1=" " ind2=" ">
<subfield code="a">"When a talented mechanic in 1818 Geneva brings his brother back from the dead using clockwork parts, the citizens of Geneva think they may have inspired the recently published novel Frankenstein" -</subfield>
<subfield code="c">Provided by publisher.</subfield>
</datafield>
<datafield tag="504" ind1=" " ind2=" ">
<subfield code="a">Includes bibliographical references (page 371).</subfield>
</datafield>
<datafield tag="650" ind1=" " ind2="1">
<subfield code="a">Cyborgs</subfield>
<subfield code="v">Fiction.</subfield>
</datafield>
<datafield tag="650" ind1=" " ind2="1">
<subfield code="a">Dead</subfield>
<subfield code="v">Fiction.</subfield>
</datafield>
<datafield tag="650" ind1=" " ind2="1">
<subfield code="a">Supernatural</subfield>
<subfield code="v">Fiction.</subfield>
</datafield>
<datafield tag="600" ind1="1" ind2="1">
<subfield code="a">Shelley, Mary Wollstonecraft,</subfield>
<subfield code="d">1797-1851.</subfield>
<subfield code="t">Frankenstein</subfield>
<subfield code="v">Fiction.</subfield>
</datafield>
<datafield tag="651" ind1=" " ind2="1">
<subfield code="a">Geneva, Lake (Switzerland and France)</subfield>
<subfield code="x">History</subfield>
<subfield code="y">19th century</subfield>
<subfield code="v">Fiction.</subfield>
</datafield>
<datafield tag="651" ind1=" " ind2="1">
<subfield code="a">Switzerland</subfield>
<subfield code="x">History</subfield>
<subfield code="y">19th century</subfield>
<subfield code="v">Fiction.</subfield>
</datafield>
<datafield tag="650" ind1=" " ind2="1">
<subfield code="a">Science fiction</subfield>
</datafield>
</record>