
-->
<!--
<record id="083">
<leader>01335cam a2200337 a 4500</leader>
<controlfield tag="001">2599557</controlfield>
<controlfield tag="005">20120507111341.0</controlfield>
<controlfield tag="008">971027s1998    nyu           000 1 eng</controlfield>
<datafield tag="010" ind1=" " ind2=" ">
<subfield code="a">97039151</subfield>
</datafield>
<datafield tag="020" ind1=" " ind2=" ">
<subfield code="a">0446674338</subfield>
</datafield>
<datafield tag="035" ind1=" " ind2=" ">
<subfield code="9">(DLC)   97039151</subfield>
</datafield>
<datafield tag="040" ind1=" " ind2=" ">
<subfield code="e"/>
</datafield>
<datafield tag="043" ind1=" " ind2=" ">
<subfield code="a">n-cn-on</subfield>
</datafield>
<datafield tag="050" ind1="0" ind2="0">
<subfield code="a">PR9199.3.H5927</subfield>
<subfield code="b">B76 1998</subfield>
</datafield>
<datafield tag="082" ind1="0" ind2="0">
<subfield code="a">813/.54</subfield>
<subfield code="2">21</subfield>
</datafield>
<datafield tag="100" ind1="1" ind2=" ">
<subfield code="a">Hopkinson, Nalo,</subfield>
<subfield code="e">author.</subfield>
<subfield code="1">http://viaf.org/viaf/14061281</subfield>
<subfield code="4">aut</subfield>
</datafield>
<datafield tag="245" ind1="1" ind2="0">
<subfield code="a">Brown girl in the ring /</subfield>
<subfield code="c">Nalo Hopkinson.</subfield>
</datafield>
<datafield tag="260" ind1=" " ind2=" ">
<subfield code="a">New York :</subfield>
<subfield code="b">Warner Books,</subfield>
<subfield code="c">1998.</subfield>
</datafield>
<datafield tag="300" ind1=" " ind2=" ">
<subfield code="a">250 pages ;</subfield>
<subfield code="c">21 cm.</subfield>
</datafield>
<datafield tag="336" ind1=" " ind2=" ">
<subfield code="a">text</subfield>
<subfield code="b">txt</subfield>
<subfield code="1">http://rdaregistry.info/termList/RDAContentType/1020</subfield>
<subfield code="2">rdacontent</subfield>
</datafield>
<datafield tag="337" ind1=" " ind2=" ">
<subfield code="a">unmediated</subfield>
<subfield code="b">n</subfield>
<subfield code="1">http://rdaregistry.info/termList/RDAMediaType/1007</subfield>
<subfield code="2">rdamedia</subfield>
</datafield>
<datafield tag="338" ind1="1" ind2="0">
<subfield code="a">volume</subfield>
<subfield code="b">nc</subfield>
<subfield code="1">http://rdaregistry.info/termList/RDACarrierType/1049</subfield>
<subfield code="2">rdacarrier</subfield>
</datafield>
<datafield tag="650" ind1=" " ind2="0">
<subfield code="a">Inner cities</subfield>
<subfield code="v">Fiction.</subfield>
</datafield>
<datafield tag="650" ind1=" " ind2="0">
<subfield code="a">Obeah (Cult)</subfield>
<subfield code="v">Fiction.</subfield>
</datafield>
<datafield tag="650" ind1=" " ind2="0">
<subfield code="a">Future, The, in popular culture</subfield>
<subfield code="v">Fiction.</subfield>
</datafield>
<datafield tag="651" ind1=" " ind2="0">
<subfield code="a">Toronto (Ont.)</subfield>
<subfield code="v">Fiction.</subfield>
</datafield>
<datafield tag="655" ind1=" " ind2="7">
<subfield code="a">Science fiction</subfield>
<subfield code="2">gsafd</subfield>
</datafield>
<datafield tag="856" ind1="4" ind2="2">
<subfield code="3">Contributor biographical information</subfield>
<subfield code="u">http://www.loc.gov/catdir/enhancements/fy0907/97039151-b.html</subfield>
</datafield>
<datafield tag="856" ind1="4" ind2="2">
<subfield code="3">Publisher description</subfield>
<subfield code="u">http://www.loc.gov/catdir/enhancements/fy0914/97039151-d.html</subfield>
</datafield>
</record>