


<record id="084">
<leader>01488cam a2200361 a 4500</leader>
<controlfield tag="001">16837038</controlfield>
<controlfield tag="005">20120717102837.0</controlfield>
<controlfield tag="008">110621s2012    nyu    d      000 1 eng</controlfield>
<datafield tag="010" ind1=" " ind2=" ">
<subfield code="a">2011018154</subfield>
</datafield>
<datafield tag="020" ind1=" " ind2=" ">
<subfield code="a">9781416954880 (hardcover)</subfield>
</datafield>
<datafield tag="020" ind1=" " ind2=" ">
<subfield code="a">9781442409552 (ebook)</subfield>
</datafield>
<datafield tag="040" ind1=" " ind2=" ">
<subfield code="e"/>
</datafield>
<datafield tag="042" ind1=" " ind2=" ">
<subfield code="a">lcac</subfield>
<subfield code="a">pcc</subfield>
</datafield>
<datafield tag="050" ind1="0" ind2="0">
<subfield code="a">PZ7.H778127</subfield>
<subfield code="b">Ch 2012</subfield>
</datafield>
<datafield tag="082" ind1="0" ind2="0">
<subfield code="a">[Fic]</subfield>
<subfield code="2">23</subfield>
</datafield>
<datafield tag="100" ind1="1" ind2=" ">
<subfield code="a">Hopkinson, Nalo,</subfield>
<subfield code="e">author.</subfield>
<subfield code="1">http://viaf.org/viaf/14061281</subfield>
<subfield code="4">aut</subfield>
</datafield>
<datafield tag="245" ind1="1" ind2="4">
<subfield code="a">The Chaos /</subfield>
<subfield code="c">Nalo Hopkinson.</subfield>
</datafield>
<datafield tag="250" ind1=" " ind2=" ">
<subfield code="a">First edition.</subfield>
</datafield>
<datafield tag="260" ind1=" " ind2=" ">
<subfield code="a">New York :</subfield>
<subfield code="b">Margaret K. McElderry Books,</subfield>
<subfield code="c">c2012.</subfield>
</datafield>
<datafield tag="300" ind1=" " ind2=" ">
<subfield code="a">241 pages ;</subfield>
<subfield code="c">22 cm.</subfield>
</datafield>
<datafield tag="336" ind1=" " ind2=" ">
<subfield code="a">text</subfield>
<subfield code="b">txt</subfield>
<subfield code="1">http://rdaregistry.info/termList/RDAContentType/1020</subfield>
<subfield code="2">rdacontent</subfield>
</datafield>
<datafield tag="337" ind1=" " ind2=" ">
<subfield code="a">unmediated</subfield>
<subfield code="b">n</subfield>
<subfield code="1">http://rdaregistry.info/termList/RDAMediaType/1007</subfield>
<subfield code="2">rdamedia</subfield>
</datafield>
<datafield tag="338" ind1="1" ind2="0">
<subfield code="a">volume</subfield>
<subfield code="b">nc</subfield>
<subfield code="1">http://rdaregistry.info/termList/RDACarrierType/1049</subfield>
<subfield code="2">rdacarrier</subfield>
</datafield>
<datafield tag="521" ind1="1" ind2=" ">
<subfield code="a">Ages 14 up.</subfield>
</datafield>
<datafield tag="520" ind1=" " ind2=" ">
<subfield code="a">Toronto sixteen-year-old Scotch may have to acknowledge her own limitations and come to terms with her mixed Jamaican, white, and black heritage if she is to stop the Chaos that has claimed her brother and made much of the world crazy.</subfield>
</datafield>
<datafield tag="650" ind1=" " ind2="1">
<subfield code="a">Interpersonal relations</subfield>
<subfield code="v">Fiction.</subfield>
</datafield>
<datafield tag="650" ind1=" " ind2="1">
<subfield code="a">Supernatural</subfield>
<subfield code="v">Fiction.</subfield>
</datafield>
<datafield tag="650" ind1=" " ind2="1">
<subfield code="a">Identity</subfield>
<subfield code="v">Fiction.</subfield>
</datafield>
<datafield tag="650" ind1=" " ind2="1">
<subfield code="a">Racially mixed people</subfield>
<subfield code="v">Fiction.</subfield>
</datafield>
<datafield tag="650" ind1=" " ind2="1">
<subfield code="a">Brothers and sisters</subfield>
<subfield code="v">Fiction.</subfield>
</datafield>
<datafield tag="650" ind1=" " ind2="1">
<subfield code="a">Family life</subfield>
<subfield code="z">Canada</subfield>
<subfield code="v">Fiction.</subfield>
</datafield>
<datafield tag="651" ind1=" " ind2="1">
<subfield code="a">Toronto (Ont.)</subfield>
<subfield code="v">Fiction.</subfield>
</datafield>
<datafield tag="651" ind1=" " ind2="1">
<subfield code="a">Canada</subfield>
<subfield code="v">Fiction.</subfield>
</datafield>
</record>