


<record id="085">
<leader>02184cam a2200421 i 4500</leader>
<controlfield tag="001">20478719</controlfield>
<controlfield tag="005">20190221134500.0</controlfield>
<controlfield tag="008">180502t20152015cau           000 1 eng d</controlfield>
<datafield tag="010" ind1=" " ind2=" ">
<subfield code="a">2018295658</subfield>
</datafield>
<datafield tag="020" ind1=" " ind2=" ">
<subfield code="a">9781616961985</subfield>
<subfield code="q">(paperback)</subfield>
</datafield>
<datafield tag="020" ind1=" " ind2=" ">
<subfield code="a">1616961988</subfield>
<subfield code="q">(paperback)</subfield>
</datafield>
<datafield tag="035" ind1=" " ind2=" ">
<subfield code="a">(OCoLC)ocn898424424</subfield>
</datafield>
<datafield tag="040" ind1=" " ind2=" ">
<subfield code="e">rda</subfield>
</datafield>
<datafield tag="042" ind1=" " ind2=" ">
<subfield code="a">lccopycat</subfield>
</datafield>
<datafield tag="050" ind1="0" ind2="0">
<subfield code="a">PR9199.3.H5927</subfield>
<subfield code="b">A6 2015</subfield>
</datafield>
<datafield tag="055" ind1=" " ind2="8">
<subfield code="a">PS8565.O659</subfield>
<subfield code="b">F35 2015</subfield>
</datafield>
<datafield tag="082" ind1="0" ind2="0">
<subfield code="a">813/.54</subfield>
<subfield code="2">23</subfield>
</datafield>
<datafield tag="082" ind1="0" ind2="4">
<subfield code="a">[Fic]</subfield>
<subfield code="2">23</subfield>
</datafield>
<datafield tag="100" ind1="1" ind2=" ">
<subfield code="a">Hopkinson, Nalo,</subfield>
<subfield code="e">author.</subfield>
<subfield code="1">http://viaf.org/viaf/14061281</subfield>
<subfield code="4">aut</subfield>
</datafield>
<datafield tag="240" ind1="1" ind2="0">
<subfield code="a">Short stories</subfield>
<subfield code="k">Selections</subfield>
</datafield>
<datafield tag="245" ind1="1" ind2="0">
<subfield code="a">Falling in love with hominids /</subfield>
<subfield code="c">Nalo Hopkinson.</subfield>
</datafield>
<datafield tag="250" ind1=" " ind2=" ">
<subfield code="a">First edition.</subfield>
</datafield>
<datafield tag="264" ind1=" " ind2="1">
<subfield code="a">San Francisco :</subfield>
<subfield code="b">Tachyon Publications,</subfield>
<subfield code="c">2015.</subfield>
</datafield>
<datafield tag="264" ind1=" " ind2="4">
<subfield code="c">©20</subfield>
</datafield>
<datafield tag="300" ind1="5" ind2=" ">
<subfield code="a">222 pages ;</subfield>
<subfield code="c">22</subfield>
</datafield>
<datafield tag="336" ind1=" " ind2=" ">
<subfield code="a">text</subfield>
<subfield code="b">txt</subfield>
<subfield code="1">http://rdaregistry.info/termList/RDAContentType/1020</subfield>
<subfield code="2">rdacontent</subfield>
</datafield>
<datafield tag="337" ind1=" " ind2=" ">
<subfield code="a">unmediated</subfield>
<subfield code="b">n</subfield>
<subfield code="1">http://rdaregistry.info/termList/RDAMediaType/1007</subfield>
<subfield code="2">rdamedia</subfield>
</datafield>
<datafield tag="338" ind1="1" ind2="0">
<subfield code="a">volume</subfield>
<subfield code="b">nc</subfield>
<subfield code="1">http://rdaregistry.info/termList/RDACarrierType/1049</subfield>
<subfield code="2">rdacarrier</subfield>
</datafield>
<datafield tag="505" ind1="r" ind2=" ">
<subfield code="a">Foreword - The Easthound - Soul case - Message in a bottle - The smile on the face - Left foot, right - Old habits - Emily breakfast - Herbal - A young candy daughter - A raggy dog, a shaggy dog - Shift - Delicious monster - Snow day - Flying lessons - Whose upward flight I love - Blushing - Ours is the prettiest - Men sell not such in any tow</subfield>
</datafield>
<datafield tag="520" ind1="." ind2=" ">
<subfield code="a">"In this long-awaited collection, Hopkinson continues to expand the boundaries of culture and imagination. Whether she is retelling The Tempest as a new Caribbean myth, filling a shopping mall with unfulfilled ghosts, or herding chickens that occasionally breathe fire, Hopkinson continues to create bold fiction that transcends boundaries and borders." -Back cove</subfield>
</datafield>
<datafield tag="650" ind1="." ind2=" ">
<subfield code="a">Fantasy fiction</subfield>
<subfield code="2">fast</subfield>
<subfield code="0">(OCoLC)fst009207</subfield>
</datafield>
<datafield tag="655" ind1="0" ind2=" ">
<subfield code="a">Short stories</subfield>
<subfield code="2">fast</subfield>
<subfield code="0">(OCoLC)fst017267</subfield>
</datafield>
<datafield tag="655" ind1="0" ind2=" ">
<subfield code="a">Fantasy fiction</subfield>
<subfield code="2">gsa</subfield>
</datafield>
<datafield tag="655" ind1="d" ind2=" ">
<subfield code="a">Science fiction</subfield>
<subfield code="2">gsa</subfield>
</datafield>
<datafield tag="655" ind1="d" ind2=" ">
<subfield code="a">Short stories</subfield>
<subfield code="2">lcg</subfield>
</datafield>
</record>