
-->
<!--
<record id="090">
<leader>01085cam a2200325 i 4500</leader>
<controlfield tag="001">17529283</controlfield>
<controlfield tag="005">20140412081419.0</controlfield>
<controlfield tag="008">121114s2013    nyu           000 1 eng</controlfield>
<datafield tag="010" ind1=" " ind2=" ">
<subfield code="a">2012040783</subfield>
</datafield>
<datafield tag="020" ind1=" " ind2=" ">
<subfield code="a">9780446576925 (hardcover)</subfield>
</datafield>
<datafield tag="020" ind1=" " ind2=" ">
<subfield code="z">9781455517732 (ebook)</subfield>
</datafield>
<datafield tag="040" ind1=" " ind2=" ">
<subfield code="e">rda</subfield>
</datafield>
<datafield tag="042" ind1=" " ind2=" ">
<subfield code="a">pcc</subfield>
</datafield>
<datafield tag="050" ind1="0" ind2="0">
<subfield code="a">PR9199.3.H5927</subfield>
<subfield code="b">S57 2013</subfield>
</datafield>
<datafield tag="082" ind1="0" ind2="0">
<subfield code="a">813/.54</subfield>
<subfield code="2">23</subfield>
</datafield>
<datafield tag="100" ind1="1" ind2=" ">
<subfield code="a">Hopkinson, Nalo,</subfield>
<subfield code="e">author.</subfield>
<subfield code="1">http://viaf.org/viaf/14061281</subfield>
<subfield code="4">aut</subfield>
</datafield>
<datafield tag="245" ind1="1" ind2="0">
<subfield code="a">Sister mine /</subfield>
<subfield code="c">Nalo Hopkinson.</subfield>
</datafield>
<datafield tag="250" ind1=" " ind2=" ">
<subfield code="a">First Edition.</subfield>
</datafield>
<datafield tag="264" ind1=" " ind2="1">
<subfield code="a">New York, NY :</subfield>
<subfield code="b">Grand Central Publishing, Hachette Book Group,</subfield>
<subfield code="c">2013.</subfield>
</datafield>
<datafield tag="300" ind1=" " ind2=" ">
<subfield code="a">305 pages ;</subfield>
<subfield code="c">24 cm</subfield>
</datafield>
<datafield tag="336" ind1=" " ind2=" ">
<subfield code="a">text</subfield>
<subfield code="b">txt</subfield>
<subfield code="1">http://rdaregistry.info/termList/RDAContentType/1020</subfield>
<subfield code="2">rdacontent</subfield>
</datafield>
<datafield tag="337" ind1=" " ind2=" ">
<subfield code="a">unmediated</subfield>
<subfield code="b">n</subfield>
<subfield code="1">http://rdaregistry.info/termList/RDAMediaType/1007</subfield>
<subfield code="2">rdamedia</subfield>
</datafield>
<datafield tag="338" ind1="1" ind2="0">
<subfield code="a">volume</subfield>
<subfield code="b">nc</subfield>
<subfield code="1">http://rdaregistry.info/termList/RDACarrierType/1049</subfield>
<subfield code="2">rdacarrier</subfield>
</datafield>
<datafield tag="650" ind1=" " ind2="0">
<subfield code="a">Sisters</subfield>
<subfield code="v">Fiction.</subfield>
</datafield>
<datafield tag="650" ind1=" " ind2="0">
<subfield code="a">Missing persons</subfield>
<subfield code="v">Fiction.</subfield>
</datafield>
<datafield tag="655" ind1=" " ind2="0">
<subfield code="a">Magic realism (Literature)</subfield>
</datafield>
<datafield tag="655" ind1=" " ind2="7">
<subfield code="a">Fantasy fiction</subfield>
<subfield code="2">gsafd</subfield>
</datafield>
</record>