


<record id="091">
<leader>01754cim a2200409 a 4500</leader>
<controlfield tag="001">17792842</controlfield>
<controlfield tag="005">20130805095435.0</controlfield>
<controlfield tag="007">sd fsngnnmmned</controlfield>
<controlfield tag="008">130626s2013    ohunnn|        f  | eng d</controlfield>
<datafield tag="010" ind1=" " ind2=" ">
<subfield code="a">2013621657</subfield>
</datafield>
<datafield tag="020" ind1=" " ind2=" ">
<subfield code="a">9781624064531</subfield>
</datafield>
<datafield tag="020" ind1=" " ind2=" ">
<subfield code="a">1624064531</subfield>
</datafield>
<datafield tag="024" ind1="3" ind2=" ">
<subfield code="a">9781624064531</subfield>
</datafield>
<datafield tag="035" ind1=" " ind2=" ">
<subfield code="a">(OCoLC)ocn827258171</subfield>
</datafield>
<datafield tag="040" ind1=" " ind2=" ">
<subfield code="e"/>
</datafield>
<datafield tag="042" ind1=" " ind2=" ">
<subfield code="a">lccopycat</subfield>
</datafield>
<datafield tag="050" ind1="0" ind2="0">
<subfield code="a">RZC 2760</subfield>
</datafield>
<datafield tag="100" ind1="1" ind2=" ">
<subfield code="a">Hopkinson, Nalo,</subfield>
<subfield code="e">author.</subfield>
<subfield code="1">http://viaf.org/viaf/14061281</subfield>
<subfield code="4">aut</subfield>
</datafield>
<datafield tag="245" ind1="1" ind2="0">
<subfield code="a">Sister mine</subfield>
<subfield code="c">Nalo Hopkinson.</subfield>
</datafield>
<datafield tag="260" ind1=" " ind2=" ">
<subfield code="a">Holland, Ohio :</subfield>
<subfield code="b">Dreamscape Media,</subfield>
<subfield code="c">p2013.</subfield>
</datafield>
<datafield tag="300" ind1=" " ind2=" ">
<subfield code="a">9 audio discs (688 min.) :</subfield>
<subfield code="b">digital ;</subfield>
<subfield code="c">4 3/4 in.</subfield>
</datafield>
<datafield tag="306" ind1=" " ind2=" ">
<subfield code="a">112800</subfield>
</datafield>
<datafield tag="511" ind1="0" ind2=" ">
<subfield code="a">Read by Robin Miles.</subfield>
</datafield>
<datafield tag="500" ind1=" " ind2=" ">
<subfield code="a">Unabridged.</subfield>
</datafield>
<datafield tag="500" ind1=" " ind2=" ">
<subfield code="a">Compact discs.</subfield>
</datafield>
<datafield tag="500" ind1=" " ind2=" ">
<subfield code="a">In container (14 x 17 cm.).</subfield>
</datafield>
<datafield tag="520" ind1=" " ind2=" ">
<subfield code="a">The daughters of a celestial demigod and a human woman, Makeda and Abby were raised by their magical father, the god of growing things. Today, Makeda has decided it's high time to move out and make her own life among the other nonmagical, claypicken humans. But when her father goes missing, Makeda will have to find her own talent if she's to have a hope of saving him.</subfield>
</datafield>
<datafield tag="650" ind1=" " ind2="0">
<subfield code="a">Sisters</subfield>
<subfield code="v">Fiction.</subfield>
</datafield>
<datafield tag="650" ind1=" " ind2="0">
<subfield code="a">Missing persons</subfield>
<subfield code="v">Fiction.</subfield>
</datafield>
<datafield tag="655" ind1=" " ind2="7">
<subfield code="a">Fantasy fiction</subfield>
<subfield code="2">gsafd</subfield>
</datafield>
<datafield tag="655" ind1=" " ind2="7">
<subfield code="a">Audiobooks.</subfield>
<subfield code="2">lcgft</subfield>
</datafield>
<datafield tag="700" ind1="1" ind2="2">
<subfield code="a">Miles, Robin.</subfield>
<subfield code="4">nrt</subfield>
</datafield>
<datafield tag="856" ind1="4" ind2="2">
<subfield code="3">Contributor biographical information</subfield>
<subfield code="u">http://www.loc.gov/catdir/enhancements/fy1313/2013621657-b.html</subfield>
</datafield>
<datafield tag="856" ind1="4" ind2="2">
<subfield code="3">Publisher description</subfield>
<subfield code="u">http://www.loc.gov/catdir/enhancements/fy1313/2013621657-d.html</subfield>
</datafield>
</record>