

<record id="093">
<leader>02370cam a2200325 i 4500</leader>
<controlfield tag="001">18508820</controlfield>
<controlfield tag="005">20160420135942.0</controlfield>
<controlfield tag="008">150227s2015    ncu      b    001 0 eng</controlfield>
<datafield tag="010" ind1=" " ind2=" ">
<subfield code="a">2015007676</subfield>
</datafield>
<datafield tag="020" ind1=" " ind2=" ">
<subfield code="a">9780786479412 (softcover : acid-free paper)</subfield>
</datafield>
<datafield tag="020" ind1=" " ind2=" ">
<subfield code="z">9781476620091 (ebook)</subfield>
</datafield>
<datafield tag="040" ind1=" " ind2=" ">
<subfield code="e">rda</subfield>
</datafield>
<datafield tag="042" ind1=" " ind2=" ">
<subfield code="a">pcc</subfield>
</datafield>
<datafield tag="050" ind1="0" ind2="0">
<subfield code="a">PN1995.9.M52</subfield>
<subfield code="b">M53 2015</subfield>
</datafield>
<datafield tag="082" ind1="0" ind2="0">
<subfield code="a">791.45/658207</subfield>
<subfield code="2">23</subfield>
</datafield>
<datafield tag="245" ind1="0" ind2="4">
<subfield code="a">The Middle Ages on television :</subfield>
<subfield code="b">critical essays /</subfield>
<subfield code="c">edited by Meriem Pagès and Karolyn Kinan.</subfield>
</datafield>
<datafield tag="264" ind1="." ind2=" ">
<subfield code="a">Jefferson, North Carolina :</subfield>
<subfield code="b">McFarland & Company, Inc., Publishers,</subfield>
<subfield code="c">[201</subfield>
</datafield>
<datafield tag="300" ind1="]" ind2=" ">
<subfield code="a">vi, 219 pages ;</subfield>
<subfield code="c">23</subfield>
</datafield>
<datafield tag="336" ind1=" " ind2=" ">
<subfield code="a">text</subfield>
<subfield code="b">txt</subfield>
<subfield code="1">http://rdaregistry.info/termList/RDAContentType/1020</subfield>
<subfield code="2">rdacontent</subfield>
</datafield>
<datafield tag="337" ind1=" " ind2=" ">
<subfield code="a">unmediated</subfield>
<subfield code="b">n</subfield>
<subfield code="1">http://rdaregistry.info/termList/RDAMediaType/1007</subfield>
<subfield code="2">rdamedia</subfield>
</datafield>
<datafield tag="338" ind1="1" ind2="0">
<subfield code="a">volume</subfield>
<subfield code="b">nc</subfield>
<subfield code="1">http://rdaregistry.info/termList/RDACarrierType/1049</subfield>
<subfield code="2">rdacarrier</subfield>
</datafield>
<datafield tag="380" ind1=" " ind2=" ">
<subfield code="a"></subfield>
<subfield code="1">http://id.loc.gov/authorities/genreForms/</subfield>
<subfield code="2">lcgft</subfield>
</datafield>
<datafield tag="504" ind1="r" ind2=" ">
<subfield code="a">Includes bibliographical references and index</subfield>
</datafield>
<datafield tag="505" ind1="." ind2=" ">
<subfield code="a">Introduction: television medievalisms / Meriem Pagès and Karolyn Kinane) - Personal and political desires. The most dangerous sport in history is about to be reborn: medievalism and violence in full metal jousting / Angela Jane Weisl - Joan of Arcadia: a modern maiden on trial  / Stephanie I. Coker - William Webbe's wench: Henry VIII, history and popular culture / Shannon McSheffrey - Nature and adventure in Die Jagd nach dem schatz der nibelungen / Evan Torner - Narrative and genre. Episodic Arthur: Merlin, Camelot and the visual modernization of the medieval literary romance tradition / Melissa Ridley Elmes - Are you kidding? King Arthur and the knights of justice / Sandy Feinstein - Gender and sexuality. Television's male gaze: the male perspective in TNT's Mists of Avalon / Michael W. George - Gendering morals, magic and medievalism in the BBC's Merlin / Elysse T. Meredith - Arthur and Guenièvre: the royal couple of Kaamelott / Tara Foster -Homosexuality in television medievalism / Torben R. Geb</subfield>
</datafield>
<datafield tag="650" ind1="a" ind2="r">
<subfield code="a">Middle Ages on television</subfield>
</datafield>
<datafield tag="650" ind1="s" ind2="i">
<subfield code="a">Medievalism on television</subfield>
</datafield>
<datafield tag="700" ind1="s" ind2="i">
<subfield code="a">Pagès, Meriem,</subfield>
</datafield>
<datafield tag="700" ind1="e" ind2="d">
<subfield code="a">Kinane, Karolyn,</subfield>
</datafield>
</record>