

<record id="094">
<leader>01491cam a2200373 a 4500</leader>
<controlfield tag="001">12251832</controlfield>
<controlfield tag="005">20160915094443.0</controlfield>
<controlfield tag="008">001207r20001982nyu           000 1 eng</controlfield>
<datafield tag="010" ind1=" " ind2=" ">
<subfield code="a">00712415</subfield>
</datafield>
<datafield tag="020" ind1=" " ind2=" ">
<subfield code="a">0345441184</subfield>
</datafield>
<datafield tag="040" ind1=" " ind2=" ">
<subfield code="e"/>
</datafield>
<datafield tag="043" ind1=" " ind2=" ">
<subfield code="a">e-uk   </subfield>
</datafield>
<datafield tag="050" ind1="0" ind2="0">
<subfield code="a">PS3552.R228</subfield>
<subfield code="b">M5 2000</subfield>
</datafield>
<datafield tag="082" ind1="0" ind2="0">
<subfield code="a">813/.54</subfield>
<subfield code="2">21</subfield>
</datafield>
<datafield tag="100" ind1="1" ind2=" ">
<subfield code="a">Bradley, Marion Zimmer,</subfield>
<subfield code="e">author.</subfield>
<subfield code="1">http://viaf.org/viaf/66464308</subfield>
<subfield code="4">aut</subfield>
</datafield>
<datafield tag="245" ind1="1" ind2="4">
<subfield code="a">The mists of Avalon /</subfield>
<subfield code="c">Marion Zimmer Bradley.</subfield>
</datafield>
<datafield tag="250" ind1=" " ind2=" ">
<subfield code="a">1st Ballantine Books hardcover edition.</subfield>
</datafield>
<datafield tag="260" ind1=" " ind2=" ">
<subfield code="a">New York :</subfield>
<subfield code="b">Ballantine Publishing Group,</subfield>
<subfield code="c">2000.</subfield>
</datafield>
<datafield tag="300" ind1=" " ind2=" ">
<subfield code="a">xi, 876 pages ;</subfield>
<subfield code="c">25 cm.</subfield>
</datafield>
<datafield tag="336" ind1=" " ind2=" ">
<subfield code="a">text</subfield>
<subfield code="b">txt</subfield>
<subfield code="1">http://rdaregistry.info/termList/RDAContentType/1020</subfield>
<subfield code="2">rdacontent</subfield>
</datafield>
<datafield tag="337" ind1=" " ind2=" ">
<subfield code="a">unmediated</subfield>
<subfield code="b">n</subfield>
<subfield code="1">http://rdaregistry.info/termList/RDAMediaType/1007</subfield>
<subfield code="2">rdamedia</subfield>
</datafield>
<datafield tag="338" ind1="1" ind2="0">
<subfield code="a">volume</subfield>
<subfield code="b">nc</subfield>
<subfield code="1">http://rdaregistry.info/termList/RDACarrierType/1049</subfield>
<subfield code="2">rdacarrier</subfield>
</datafield>
<datafield tag="500" ind1=" " ind2=" ">
<subfield code="a">"A Del Rey book" -T.p. verso.</subfield>
</datafield>
<datafield tag="600" ind1="0" ind2="0">
<subfield code="a">Arthur,</subfield>
<subfield code="c">King</subfield>
<subfield code="v">Fiction.</subfield>
</datafield>
<datafield tag="650" ind1=" " ind2="0">
<subfield code="a">Avalon (Legendary place)</subfield>
<subfield code="v">Fiction.</subfield>
</datafield>
<datafield tag="650" ind1=" " ind2="0">
<subfield code="a">Arthurian romances</subfield>
<subfield code="v">Adaptations.</subfield>
</datafield>
<datafield tag="650" ind1=" " ind2="0">
<subfield code="a">Kings and rulers</subfield>
<subfield code="v">Fiction.</subfield>
</datafield>
<datafield tag="650" ind1=" " ind2="0">
<subfield code="a">Britons</subfield>
<subfield code="v">Fiction.</subfield>
</datafield>
<datafield tag="655" ind1=" " ind2="7">
<subfield code="a">Historical fiction</subfield>
<subfield code="2">gsafd</subfield>
</datafield>
<datafield tag="655" ind1=" " ind2="7">
<subfield code="a">Fantasy fiction</subfield>
<subfield code="2">gsafd</subfield>
</datafield>
<datafield tag="856" ind1="4" ind2="2">
<subfield code="3">Contributor biographical information</subfield>
<subfield code="u">http://www.loc.gov/catdir/bios/random051/00712415.html</subfield>
</datafield>
<datafield tag="856" ind1="4" ind2="1">
<subfield code="3">Sample text</subfield>
<subfield code="u">http://www.loc.gov/catdir/samples/random041/00712415.html</subfield>
</datafield>
<datafield tag="856" ind1="4" ind2="2">
<subfield code="3">Publisher description</subfield>
<subfield code="u">http://www.loc.gov/catdir/enhancements/fy1108/00712415-d.html</subfield>
</datafield>
</record>