


<record id="096">
<leader>01956cam a2200433 a 4500</leader>
<controlfield tag="001">669594</controlfield>
<controlfield tag="005">20140813112256.0</controlfield>
<controlfield tag="008">950124s1995    nyu      b    000 0 ger</controlfield>
<datafield tag="010" ind1=" " ind2=" ">
<subfield code="a">95001728</subfield>
</datafield>
<datafield tag="020" ind1=" " ind2=" ">
<subfield code="a">0773412433</subfield>
</datafield>
<datafield tag="035" ind1=" " ind2=" ">
<subfield code="9">(DLC)   95001728</subfield>
</datafield>
<datafield tag="040" ind1=" " ind2=" ">
<subfield code="e"/>
</datafield>
<datafield tag="043" ind1=" " ind2=" ">
<subfield code="a">n-us  </subfield>
<subfield code="a">e-uk   </subfield>
</datafield>
<datafield tag="050" ind1="0" ind2="0">
<subfield code="a">PS374.A78</subfield>
<subfield code="b">E83 1995</subfield>
</datafield>
<datafield tag="082" ind1="0" ind2="0">
<subfield code="a">813.009/351</subfield>
<subfield code="2">20</subfield>
</datafield>
<datafield tag="100" ind1="1" ind2=" ">
<subfield code="a">Essl, Monika,</subfield>
<subfield code="0"> http://viaf.org/viaf/57328495</subfield>
<subfield code="4">aut</subfield>
</datafield>
<datafield tag="245" ind1="1" ind2="4">
<subfield code="a">Die Rezeption des Artussotoffes in der englischen und amerikanischen Literatur des 20. Jahrhunderts bei Thomas Berger, Marion Zimmer Bradley, E.A. Robinson, Mary Stewart und T.H. White /</subfield>
<subfield code="c">Monika Essl.</subfield>
</datafield>
<datafield tag="260" ind1=" " ind2=" ">
<subfield code="a">Lewiston, NY :</subfield>
<subfield code="b">E. Mellen,</subfield>
<subfield code="c">1995.</subfield>
</datafield>
<datafield tag="300" ind1=" " ind2=" ">
<subfield code="a">237 pages ;</subfield>
<subfield code="c">23 cm.</subfield>
</datafield>
<datafield tag="336" ind1=" " ind2=" ">
<subfield code="a">text</subfield>
<subfield code="b">txt</subfield>
<subfield code="1">http://rdaregistry.info/termList/RDAContentType/1020</subfield>
<subfield code="2">rdacontent</subfield>
</datafield>
<datafield tag="337" ind1=" " ind2=" ">
<subfield code="a">unmediated</subfield>
<subfield code="b">n</subfield>
<subfield code="1">http://rdaregistry.info/termList/RDAMediaType/1007</subfield>
<subfield code="2">rdamedia</subfield>
</datafield>
<datafield tag="338" ind1="1" ind2="0">
<subfield code="a">volume</subfield>
<subfield code="b">nc</subfield>
<subfield code="1">http://rdaregistry.info/termList/RDACarrierType/1049</subfield>
<subfield code="2">rdacarrier</subfield>
</datafield>
<datafield tag="490" ind1="1" ind2=" ">
<subfield code="a">Salzburg English & American studies ;</subfield>
<subfield code="v">#22</subfield>
</datafield>
<datafield tag="500" ind1=" " ind2=" ">
<subfield code="a">"Salzburg University Studies."</subfield>
</datafield>
<datafield tag="504" ind1=" " ind2=" ">
<subfield code="a">Includes bibliographical references.</subfield>
</datafield>
<datafield tag="650" ind1=" " ind2="0">
<subfield code="a">American literature</subfield>
<subfield code="y">20th century</subfield>
<subfield code="x">History and criticism.</subfield>
</datafield>
<datafield tag="650" ind1=" " ind2="0">
<subfield code="a">Arthurian romances</subfield>
<subfield code="x">Adaptations.</subfield>
</datafield>
<datafield tag="650" ind1=" " ind2="0">
<subfield code="a">English fiction</subfield>
<subfield code="y">20th century</subfield>
<subfield code="x">History and criticism.</subfield>
</datafield>
<datafield tag="600" ind1="1" ind2="0">
<subfield code="a">Malory, Thomas,</subfield>
<subfield code="c">Sir,</subfield>
<subfield code="d">active 15th century</subfield>
<subfield code="x">Influence.</subfield>
</datafield>
<datafield tag="650" ind1=" " ind2="0">
<subfield code="a">American literature</subfield>
<subfield code="x">English influences.</subfield>
</datafield>
<datafield tag="650" ind1=" " ind2="0">
<subfield code="a">Medievalism</subfield>
<subfield code="z">English-speaking countries.</subfield>
</datafield>
<datafield tag="650" ind1=" " ind2="0">
<subfield code="a">Kings and rulers in literature</subfield>
</datafield>
<datafield tag="651" ind1=" " ind2="0">
<subfield code="a">Great Britain</subfield>
<subfield code="x">In literature</subfield>
</datafield>
<datafield tag="600" ind1="1" ind2="0">
<subfield code="a">Berger, Thomas,</subfield>
<subfield code="d">1924-2014.</subfield>
<subfield code="t">Arthur Rex.</subfield>
</datafield>
<datafield tag="600" ind1="1" ind2="0">
<subfield code="a">Bradley, Marion Zimmer,</subfield>
<subfield code="t">Mists of Avalon.</subfield>
<subfield code="1">http://viaf.org/viaf/66464308</subfield>
</datafield>
<datafield tag="600" ind1="1" ind2="0">
<subfield code="a">Robinson, Edwin Arlington,</subfield>
<subfield code="d">1869-1935</subfield>
<subfield code="x">Knowledge</subfield>
<subfield code="x">literature</subfield>
</datafield>
<datafield tag="600" ind1="1" ind2="0">
<subfield code="a">Stewart, Mary,</subfield>
<subfield code="d">1916-2014</subfield>
<subfield code="x">Knowledge</subfield>
<subfield code="x">literature</subfield>
</datafield>
<datafield tag="600" ind1="1" ind2="0">
<subfield code="a">White, T. H.</subfield>
<subfield code="q">(Terence Hanbury),</subfield>
<subfield code="d">1906-1964.</subfield>
<subfield code="t">Once and future king.</subfield>
</datafield>
<datafield tag="830" ind1=" " ind2="0">
<subfield code="a">Salzburg English & American studies ;</subfield>
<subfield code="v">22.</subfield>
</datafield>
</record>