


<record id="097">
<leader>02375pam a2200433 a 4500</leader>
<controlfield tag="001">2562103</controlfield>
<controlfield tag="005">20040616123630.0</controlfield>
<controlfield tag="008">950926s1996    nyu      b    001 0 eng</controlfield>
<datafield tag="035" ind1=" " ind2=" ">
<subfield code="9">(DLC)   95041751</subfield>
</datafield>
<datafield tag="010" ind1=" " ind2=" ">
<subfield code="a">95041751</subfield>
</datafield>
<datafield tag="040" ind1=" " ind2=" ">
<subfield code="e"/>
</datafield>
<datafield tag="043" ind1=" " ind2=" ">
<subfield code="a">n-us   </subfield>
<subfield code="a">e-uk   </subfield>
</datafield>
<datafield tag="050" ind1="0" ind2="0">
<subfield code="a">PS153.L46</subfield>
<subfield code="b">F37 1996</subfield>
</datafield>
<datafield tag="082" ind1="0" ind2="0">
<subfield code="a">810.9/9206643</subfield>
<subfield code="2">20</subfield>
</datafield>
<datafield tag="100" ind1="1" ind2=" ">
<subfield code="a">Farwell, Marilyn R.,</subfield>
<subfield code="1">http://viaf.org/viaf/6647496</subfield>
<subfield code="4">aut</subfield>
</datafield>
<datafield tag="245" ind1="1" ind2="0">
<subfield code="a">Heterosexual plots and lesbian narratives /</subfield>
<subfield code="c">Marilyn R. Farwell.</subfield>
</datafield>
<datafield tag="260" ind1=" " ind2=" ">
<subfield code="a">New York :</subfield>
<subfield code="b">New York University Press,</subfield>
<subfield code="c">c1996.</subfield>
</datafield>
<datafield tag="300" ind1=" " ind2=" ">
<subfield code="a">xix, 227 pages ;</subfield>
<subfield code="c">23 cm.</subfield>
</datafield>
<datafield tag="490" ind1="1" ind2=" ">
<subfield code="a">The cutting edge</subfield>
</datafield>
<datafield tag="504" ind1=" " ind2=" ">
<subfield code="a">Includes bibliographical references (p. 201-215) and index.</subfield>
</datafield>
<datafield tag="505" ind1="0" ind2=" ">
<subfield code="a">When is a lesbian narrative a lesbian narrative? - Narrative: the elastic project - The lesbian subject: a war of images - The romantic lesbian narrative: Adrienne Rich's "Twenty-one love poems" and Marilyn Hacker's Love, death, and the changing of the seasons - The heroic lesbian narrative: Marion Zimmer Bradley's The Mists of Avalon and Gloria Naylor's The women of Brewster Place - The postmodern lesbian text: Jeanette Winterson's Sexing the cherry and Written on the body.</subfield>
</datafield>
<datafield tag="650" ind1=" " ind2="0">
<subfield code="a">Lesbians' writings, American</subfield>
<subfield code="x">History and criticism.</subfield>
</datafield>
<datafield tag="650" ind1=" " ind2="0">
<subfield code="a">American literature</subfield>
<subfield code="x">Women authors</subfield>
<subfield code="x">History and criticism.</subfield>
</datafield>
<datafield tag="650" ind1=" " ind2="0">
<subfield code="a">English literature</subfield>
<subfield code="x">Women authors</subfield>
<subfield code="x">History and criticism.</subfield>
</datafield>
<datafield tag="650" ind1=" " ind2="0">
<subfield code="a">American literature</subfield>
<subfield code="y">20th century</subfield>
<subfield code="x">History and criticism.</subfield>
</datafield>
<datafield tag="650" ind1=" " ind2="0">
<subfield code="a">English literature</subfield>
<subfield code="y">20th century</subfield>
<subfield code="x">History and criticism.</subfield>
</datafield>
<datafield tag="650" ind1=" " ind2="0">
<subfield code="a">Lesbians' writings, English</subfield>
<subfield code="x">History and criticism.</subfield>
</datafield>
<datafield tag="650" ind1=" " ind2="0">
<subfield code="a">Women and literature</subfield>
<subfield code="z">English-speaking countries</subfield>
<subfield code="x">History</subfield>
<subfield code="y">20th century.</subfield>
</datafield>
<datafield tag="650" ind1=" " ind2="0">
<subfield code="a">Lesbians</subfield>
<subfield code="z">English-speaking countries</subfield>
<subfield code="x">Intellectual life.</subfield>
</datafield>
<datafield tag="650" ind1=" " ind2="0">
<subfield code="a">Homosexuality and literature</subfield>
<subfield code="z">English-speaking countries.</subfield>
</datafield>
<datafield tag="650" ind1=" " ind2="0">
<subfield code="a">Man-woman relationships in literature</subfield>
</datafield>
<datafield tag="650" ind1=" " ind2="0">
<subfield code="a">Heterosexuality in literature</subfield>
</datafield>
<datafield tag="650" ind1=" " ind2="0">
<subfield code="a">Sex role in literature</subfield>
</datafield>
<datafield tag="650" ind1=" " ind2="0">
<subfield code="a">Narration (Rhetoric)</subfield>
</datafield>
<datafield tag="830" ind1=" " ind2="0">
<subfield code="a">Cutting edge (New York, N.Y.)</subfield>
</datafield>
</record>