
-->
<!--
<record id="099">
<leader>01719cam a2200421 a 4500</leader>
<controlfield tag="001">1679208</controlfield>
<controlfield tag="005">20130411115315.0</controlfield>
<controlfield tag="008">980723s1997    gw            001 0 ger</controlfield>
<datafield tag="010" ind1=" " ind2=" ">
<subfield code="a">98174004</subfield>
</datafield>
<datafield tag="020" ind1=" " ind2=" ">
<subfield code="a">3770008367</subfield>
</datafield>
<datafield tag="035" ind1=" " ind2=" ">
<subfield code="9">(DLC)   98174004</subfield>
</datafield>
<datafield tag="035" ind1=" " ind2=" ">
<subfield code="z">BLC 199805</subfield>
</datafield>
<datafield tag="035" ind1=" " ind2=" ">
<subfield code="a">(OCoLC)39177982</subfield>
</datafield>
<datafield tag="040" ind1=" " ind2=" ">
<subfield code="e"/>
</datafield>
<datafield tag="043" ind1=" " ind2=" ">
<subfield code="a">e-uk   </subfield>
<subfield code="a">n-us   </subfield>
</datafield>
<datafield tag="050" ind1="0" ind2="0">
<subfield code="a">PR2047</subfield>
<subfield code="b">.T46 1997</subfield>
</datafield>
<datafield tag="082" ind1="0" ind2="0">
<subfield code="a">823/.2</subfield>
<subfield code="2">21</subfield>
</datafield>
<datafield tag="100" ind1="1" ind2=" ">
<subfield code="a">Templin, Olaf,</subfield>
<subfield code="d">1964-</subfield>
<subfield code="1">http://viaf.org/viaf/64713189</subfield>
<subfield code="4">aut</subfield>
</datafield>
<datafield tag="245" ind1="1" ind2="0">
<subfield code="a">Tafelrunde und Gral :</subfield>
<subfield code="b">zur Funktion von Religion in Thomas Malorys Le morte Darthur und Marion Zimmer Bradleys The mists of Avalon /</subfield>
<subfield code="c">Olaf Templin.</subfield>
</datafield>
<datafield tag="260" ind1=" " ind2=" ">
<subfield code="a">Düsseldorf :</subfield>
<subfield code="b">Droste,</subfield>
<subfield code="c">c199</subfield>
</datafield>
<datafield tag="300" ind1="." ind2=" ">
<subfield code="a">316 pages ;</subfield>
<subfield code="c">22 cm</subfield>
</datafield>
<datafield tag="440" ind1="." ind2=" ">
<subfield code="a">Studia humaniora ;</subfield>
<subfield code="v">Bd.</subfield>
</datafield>
<datafield tag="500" ind1="1" ind2=" ">
<subfield code="a">Originally presented as the author's thesis (doctoral) -Universität Düsseldorf,</subfield>
</datafield>
<datafield tag="504" ind1="1" ind2="9">
<subfield code="a">Includes bibliographical references (p. 296-310) and</subfield>
</datafield>
<datafield tag="600" ind1="n" ind2="d">
<subfield code="a">Malory, Thomas,</subfield>
<subfield code="c">Sir,</subfield>
<subfield code="d">active 15th century.</subfield>
<subfield code="t">Morte d'A</subfield>
</datafield>
<datafield tag="650" ind1="t" ind2="h">
<subfield code="a">Religion and literature</subfield>
<subfield code="z">English-speaking coun</subfield>
</datafield>
<datafield tag="650" ind1="r" ind2="i">
<subfield code="a">Comparative literature</subfield>
<subfield code="x">English and Ame</subfield>
</datafield>
<datafield tag="650" ind1="i" ind2="c">
<subfield code="a">Comparative literature</subfield>
<subfield code="x">American and En</subfield>
</datafield>
<datafield tag="600" ind1="l" ind2="i">
<subfield code="a">Bradley, Marion Zimmer,</subfield>
<subfield code="t">Mists of Avalon</subfield>
<subfield code="1">http://viaf.org/viaf/66464308</subfield>
</datafield>
<datafield tag="650" ind1="a" ind2="l">
<subfield code="a">Arthurian romances</subfield>
<subfield code="x">History and crit</subfield>
</datafield>
<datafield tag="650" ind1="c" ind2="i">
<subfield code="a">Knights and knighthood in literature</subfield>
</datafield>
<datafield tag="650" ind1="t" ind2="u">
<subfield code="a">Grail</subfield>
<subfield code="x">Legends</subfield>
<subfield code="x">History and crit</subfield>
</datafield>
<datafield tag="650" ind1="c" ind2="i">
<subfield code="a">Kings and rulers in liter</subfield>
</datafield>
<datafield tag="650" ind1="t" ind2="u">
<subfield code="a">Avalon (Legendary</subfield>
</datafield>
</record>