


<record id="100">
<leader>01498cam a2200337 a 4500</leader>
<controlfield tag="001">14425663</controlfield>
<controlfield tag="005">20190214121652.0</controlfield>
<controlfield tag="008">060623s2006    caua          000 0 eng</controlfield>
<datafield tag="010" ind1=" " ind2=" ">
<subfield code="a">2006021117</subfield>
</datafield>
<datafield tag="015" ind1=" " ind2=" ">
<subfield code="a">GBA676700</subfield>
<subfield code="2">bnb</subfield>
</datafield>
<datafield tag="016" ind1="7" ind2=" ">
<subfield code="a">013547444</subfield>
<subfield code="2">Uk</subfield>
</datafield>
<datafield tag="020" ind1=" " ind2=" ">
<subfield code="a">9781580051903</subfield>
</datafield>
<datafield tag="020" ind1=" " ind2=" ">
<subfield code="a">1580051901</subfield>
</datafield>
<datafield tag="035" ind1=" " ind2=" ">
<subfield code="a">(OCoLC)ocm70219909</subfield>
</datafield>
<datafield tag="035" ind1=" " ind2=" ">
<subfield code="a">(OCoLC)70219909</subfield>
</datafield>
<datafield tag="040" ind1=" " ind2=" ">
<subfield code="e"/>
</datafield>
<datafield tag="050" ind1="0" ind2="0">
<subfield code="a">Q130</subfield>
<subfield code="b">.S485 2006</subfield>
</datafield>
<datafield tag="082" ind1="0" ind2="0">
<subfield code="a">508.2</subfield>
<subfield code="2">22</subfield>
</datafield>
<datafield tag="245" ind1="0" ind2="0">
<subfield code="a">She's such a geek! :</subfield>
<subfield code="b">women write about science, technology & other nerdy stuff /</subfield>
<subfield code="c">edited by Annalee Newitz & Charlie Jane Anders.</subfield>
</datafield>
<datafield tag="260" ind1=" " ind2=" ">
<subfield code="a">Emeryville, CA :</subfield>
<subfield code="b">Seal Press,</subfield>
<subfield code="c">c2006.</subfield>
</datafield>
<datafield tag="300" ind1=" " ind2=" ">
<subfield code="a">vii, 231 pages :</subfield>
<subfield code="b">ill. ;</subfield>
<subfield code="c">21 cm.</subfield>
</datafield>
<datafield tag="650" ind1=" " ind2="0">
<subfield code="a">Women in science</subfield>
</datafield>
<datafield tag="650" ind1=" " ind2="0">
<subfield code="a">Technical writing</subfield>
</datafield>
<datafield tag="700" ind1="1" ind2="2">
<subfield code="a">Newitz, Annalee,</subfield>
<subfield code="d">1969-</subfield>
</datafield>
<datafield tag="700" ind1="1" ind2="2">
<subfield code="a">Anders, Charlie Jane.</subfield>
<subfield code="1">http://viaf.org/viaf/26466367</subfield>
<subfield code="4">aut</subfield>
</datafield>
<datafield tag="856" ind1="4" ind2="1">
<subfield code="3">Table of contents only</subfield>
<subfield code="u">http://www.loc.gov/catdir/toc/ecip0616/2006021117.html</subfield>
</datafield>
<datafield tag="856" ind1="4" ind2="2">
<subfield code="3">Publisher description</subfield>
<subfield code="u">http://www.loc.gov/catdir/enhancements/fy0714/2006021117-d.html</subfield>
</datafield>
</record>