


<record id="101">
<leader>03914cam a2200385 i 4500</leader>
<controlfield tag="001">18747195</controlfield>
<controlfield tag="005">20190214121630.0</controlfield>
<controlfield tag="008">150817s2016    nyu           000 1 eng</controlfield>
<datafield tag="010" ind1=" " ind2=" ">
<subfield code="a">2015031481</subfield>
</datafield>
<datafield tag="020" ind1=" " ind2=" ">
<subfield code="a">9780765379948 (hardcover)</subfield>
</datafield>
<datafield tag="020" ind1=" " ind2=" ">
<subfield code="z">9781466871120 (e-book)</subfield>
</datafield>
<datafield tag="020" ind1=" " ind2=" ">
<subfield code="z">9780765386175 (signed edition)</subfield>
</datafield>
<datafield tag="040" ind1=" " ind2=" ">
<subfield code="e">rda</subfield>
</datafield>
<datafield tag="042" ind1=" " ind2=" ">
<subfield code="a">pcc</subfield>
</datafield>
<datafield tag="050" ind1="0" ind2="0">
<subfield code="a">PS3601.N428</subfield>
<subfield code="b">A79 2016</subfield>
</datafield>
<datafield tag="082" ind1="0" ind2="0">
<subfield code="a">813/.6</subfield>
<subfield code="2">23</subfield>
</datafield>
<datafield tag="084" ind1=" " ind2=" ">
<subfield code="a">FIC009000</subfield>
<subfield code="a">FIC009010</subfield>
<subfield code="2">bisacsh</subfield>
</datafield>
<datafield tag="100" ind1="1" ind2=" ">
<subfield code="a">Anders, Charlie Jane,</subfield>
<subfield code="1">http://viaf.org/viaf/26466367</subfield>
<subfield code="4">aut</subfield>
</datafield>
<datafield tag="245" ind1="1" ind2="0">
<subfield code="a">All the birds in the sky /</subfield>
<subfield code="c">Charlie Jane Anders.</subfield>
</datafield>
<datafield tag="250" ind1=" " ind2=" ">
<subfield code="a">First edition.</subfield>
</datafield>
<datafield tag="264" ind1=" " ind2="1">
<subfield code="a">New York :</subfield>
<subfield code="b">TOR Books,</subfield>
<subfield code="c">2016.</subfield>
</datafield>
<datafield tag="300" ind1=" " ind2=" ">
<subfield code="a">316 pages ;</subfield>
<subfield code="c">25 cm</subfield>
</datafield>
<datafield tag="336" ind1=" " ind2=" ">
<subfield code="a">text</subfield>
<subfield code="2">rdacontent</subfield>
</datafield>
<datafield tag="337" ind1=" " ind2=" ">
<subfield code="a">unmediated</subfield>
<subfield code="2">rdamedia</subfield>
</datafield>
<datafield tag="338" ind1=" " ind2=" ">
<subfield code="a">volume</subfield>
<subfield code="2">rdacarrier</subfield>
</datafield>
<datafield tag="520" ind1=" " ind2=" ">
<subfield code="a">"From the editor-in-chief of io9.com, a stunning novel about the end of the world -and the beginning of our futureChildhood friends Patricia Delfine and Laurence Armstead didn't  expect to see each other again, after parting ways under mysterious  circumstances during middle school. After all, the development of magical  powers and the invention of a two-second time machine could hardly fail  to alarm one's peers and families.But now they're both adults,  living in the hipster mecca San Francisco, and the planet is falling  apart around them. Laurence is an engineering genius who's working with a  group that aims to avert catastrophic breakdown through technological  intervention. Patricia is a graduate of  Eltisley Maze, the hidden academy for the world's magically gifted, and  works with a small band of other magicians to secretly repair the  world's every-growing ailments. Little do they realize that something  bigger than either of them, something begun years ago in their youth, is  determined to bring them together to either save the world, or plunge  it into a new dark ages.A deeply magical, darkly funny examination of life, love, and the apocalypse" -</subfield>
<subfield code="c">Provided by publisher.</subfield>
</datafield>
<datafield tag="520" ind1=" " ind2=" ">
<subfield code="a">"When Patricia Delfine was six years old, a wounded bird led her deep into the forest to the Parliament of Birds, where she met the Great Tree and was asked a question that would determine the course of her life. When Laurence Armstead was in grade school, he cobbled together a wristwatch-sized device that could send its wearer two seconds into the future. When Patricia and Laurence first met in high school, they didn't understand one another at all. But as time went on, they kept bumping into one another's lives. Now they're both grown up, and the planet is falling apart around them. Laurence is an engineering genius who's working with a group that aims to avert catastrophic breakdown through technological intervention into the changing global climate. Patricia is a graduate of Eltisley Maze, the hidden academy for the world's magically gifted, and works with a small band of other magicians to secretly repair the world's every-growing ailments. Neither Laurence nor Patricia can keep pace with the speed at which things fall apart. But something bigger than either of them, something begun deep in their childhoods, is determined to bring them together. And will" -</subfield>
<subfield code="c">Provided by publisher.</subfield>
</datafield>
<datafield tag="650" ind1=" " ind2="7">
<subfield code="a">FICTION / Fantasy / General</subfield>
<subfield code="2">bisacsh</subfield>
</datafield>
<datafield tag="650" ind1=" " ind2="7">
<subfield code="a">FICTION / Fantasy / Contemporary</subfield>
<subfield code="2">bisacsh</subfield>
</datafield>
<datafield tag="655" ind1=" " ind2="7">
<subfield code="a">Fantasy fiction</subfield>
<subfield code="2">gsafd</subfield>
</datafield>
<datafield tag="655" ind1=" " ind2="7">
<subfield code="a">Science fiction</subfield>
<subfield code="2">gsafd</subfield>
</datafield>
<datafield tag="856" ind1="4" ind2="2">
<subfield code="3">Cover image</subfield>
<subfield code="u">http://www.netread.com/jcusers2/bk1388/948/9780765379948/image/lgcover.9780765379948.jpg</subfield>
</datafield>
</record>