


<record id="102">
<leader>01958cam a2200325 i 4500</leader>
<controlfield tag="001">20488290</controlfield>
<controlfield tag="005">20190214121426.0</controlfield>
<controlfield tag="008">180508s2019    nyu           000 1 eng</controlfield>
<datafield tag="010" ind1=" " ind2=" ">
<subfield code="a">2018022175</subfield>
</datafield>
<datafield tag="020" ind1=" " ind2=" ">
<subfield code="a">9780765379962 (hardcover)</subfield>
</datafield>
<datafield tag="020" ind1=" " ind2=" ">
<subfield code="z">9781466871137 (ebook)</subfield>
</datafield>
<datafield tag="040" ind1=" " ind2=" ">
<subfield code="e">rda</subfield>
</datafield>
<datafield tag="042" ind1=" " ind2=" ">
<subfield code="a">pcc</subfield>
</datafield>
<datafield tag="050" ind1="0" ind2="0">
<subfield code="a">PS3601.N428</subfield>
<subfield code="b">C58 2019</subfield>
</datafield>
<datafield tag="082" ind1="0" ind2="0">
<subfield code="a">813/.6</subfield>
<subfield code="2">23</subfield>
</datafield>
<datafield tag="100" ind1="1" ind2=" ">
<subfield code="a">Anders, Charlie Jane,</subfield>
<subfield code="1">http://viaf.org/viaf/26466367</subfield>
<subfield code="4">aut</subfield>
</datafield>
<datafield tag="245" ind1="1" ind2="4">
<subfield code="a">The city in the middle of the night /</subfield>
<subfield code="c">Charlie Jane Anders.</subfield>
</datafield>
<datafield tag="250" ind1=" " ind2=" ">
<subfield code="a">First edition.</subfield>
</datafield>
<datafield tag="264" ind1=" " ind2="1">
<subfield code="a">New York :</subfield>
<subfield code="b">TOR,</subfield>
<subfield code="c">2019.</subfield>
</datafield>
<datafield tag="300" ind1=" " ind2=" ">
<subfield code="a">366 pages ;</subfield>
<subfield code="c">25 cm</subfield>
</datafield>
<datafield tag="336" ind1=" " ind2=" ">
<subfield code="a">text</subfield>
<subfield code="b">txt</subfield>
<subfield code="2">rdacontent</subfield>
</datafield>
<datafield tag="337" ind1=" " ind2=" ">
<subfield code="a">unmediated</subfield>
<subfield code="b">n</subfield>
<subfield code="2">rdamedia</subfield>
</datafield>
<datafield tag="338" ind1=" " ind2=" ">
<subfield code="a">volume</subfield>
<subfield code="b">nc</subfield>
<subfield code="2">rdacarrier</subfield>
</datafield>
<datafield tag="500" ind1=" " ind2=" ">
<subfield code="a">"A Tor Book" -Title page verso.</subfield>
</datafield>
<datafield tag="520" ind1=" " ind2=" ">
<subfield code="a">""If you control our sleep, then you can own our dreams . . . And from there, it's easy to control our entire lives." The bestselling author of All the Birds in the Sky returns with a strange, haunting, and deeply human tale. Sophie serves coffee at an underground cafe. She stays in the shadows and listens to the troubles of the parlor guests, but does not draw attention to herself for one simple reason: Sophie is supposed to be dead. When a nationalistic revolution forces Sophie from her safe haven, she must make a dangerous journey to a new city, one that revels in hedonism and chaos. After joining up with a band of smugglers, she finds herself on a long and treacherous path that will lead her far closer to the truth of her entire world - and to the dangers that lurk even in the light of day" -</subfield>
<subfield code="c">Provided by publisher.</subfield>
</datafield>
<datafield tag="655" ind1=" " ind2="7">
<subfield code="a">Fantasy fiction</subfield>
<subfield code="2">gsafd</subfield>
</datafield>
<datafield tag="655" ind1=" " ind2="7">
<subfield code="a">Science fiction</subfield>
<subfield code="2">gsafd</subfield>
</datafield>
</record>