
-->
<!--
<record id="104">
<leader>00591nam a2200145 a 4500</leader>
<controlfield tag="001">000017364654</controlfield>
<controlfield tag="008">971027s1998    nyu           000 f eng</controlfield>
<datafield tag="020" ind1=" " ind2=" ">
<subfield code="a">0446674338</subfield>
</datafield>
<datafield tag="100" ind1="1" ind2=" ">
<subfield code="a">Hopkinson, Nalo,</subfield>
<subfield code="e">author.</subfield>
<subfield code="1">http://viaf.org/viaf/14061281</subfield>
<subfield code="4">aut</subfield>
</datafield>
<datafield tag="245" ind1="1" ind2="0">
<subfield code="a">Brown girl in the ring /</subfield>
<subfield code="c">Nalo Hopkinson.</subfield>
</datafield>
<datafield tag="260" ind1=" " ind2=" ">
<subfield code="a">New York :</subfield>
<subfield code="b">Warner Books,</subfield>
<subfield code="c">1998.</subfield>
</datafield>
<datafield tag="300" ind1=" " ind2=" ">
<subfield code="a">250 pages ;</subfield>
<subfield code="c">21 cm.</subfield>
</datafield>
</record>