
<record id="105">
<leader>00425nam a2200133 a 4500</leader>
<controlfield tag="001">000023129948</controlfield>
<controlfield tag="008">990812s2000    nyu           000 f eng</controlfield>
<datafield tag="020" ind1=" " ind2=" ">
<subfield code="a">0446675601</subfield>
</datafield>
<datafield tag="100" ind1="1" ind2=" ">
<subfield code="a">Hopkinson, Nalo,</subfield>
<subfield code="e">author.</subfield>
<subfield code="1">http://viaf.org/viaf/14061281</subfield>
<subfield code="4">aut</subfield>
</datafield>
<datafield tag="245" ind1="1" ind2="0">
<subfield code="a">Midnight robber /</subfield>
<subfield code="c">Nalo Hopkinson.</subfield>
</datafield>
<datafield tag="260" ind1=" " ind2=" ">
<subfield code="a">New York :</subfield>
<subfield code="b">Warner Books,</subfield>
<subfield code="c">2000.</subfield>
</datafield>
<datafield tag="300" ind1=" " ind2=" ">
<subfield code="a">329 pages ;</subfield>
<subfield code="c">21 cm.</subfield>
</datafield>
</record>