


<record id="107">
<leader>00854cam a2200217 a 4500</leader>
<controlfield tag="001">000029290992</controlfield>
<controlfield tag="008">040128s2004    bcc           000 j eng</controlfield>
<datafield tag="020" ind1=" " ind2=" ">
<subfield code="a">155152158X :</subfield>
<subfield code="c">$24.95</subfield>
</datafield>
<datafield tag="245" ind1="0" ind2="0">
<subfield code="a">So long been dreaming :</subfield>
<subfield code="b">postcolonial science fiction & fantasy /</subfield>
<subfield code="c">Nalo Hopkinson & Uppinder Mehan, eds.</subfield>
</datafield>
<datafield tag="260" ind1=" " ind2=" ">
<subfield code="a">Vancouver :</subfield>
<subfield code="b">Arsenal Pulp Press,</subfield>
<subfield code="c">c2004.</subfield>
</datafield>
<datafield tag="300" ind1=" " ind2=" ">
<subfield code="a">270 pages ;</subfield>
<subfield code="c">23 cm.</subfield>
</datafield>
<datafield tag="650" ind1=" " ind2="0">
<subfield code="a">Science fiction</subfield>
</datafield>
<datafield tag="650" ind1=" " ind2="0">
<subfield code="a">Fantasy fiction</subfield>
</datafield>
<datafield tag="651" ind1=" " ind2="0">
<subfield code="a">Developing countries</subfield>
<subfield code="x">Literatures</subfield>
<subfield code="y">21st century.</subfield>
</datafield>
<datafield tag="650" ind1=" " ind2="6">
<subfield code="a">Science-fiction.</subfield>
</datafield>
<datafield tag="650" ind1=" " ind2="6">
<subfield code="a">Roman fantastique.</subfield>
</datafield>
<datafield tag="650" ind1=" " ind2="6">
<subfield code="a">Nouvelles fantastiques</subfield>
</datafield>
<datafield tag="650" ind1=" " ind2="6">
<subfield code="a">Pays en voie de développement</subfield>
<subfield code="x">Littératures</subfield>
<subfield code="y">21e si̐&#xbf;</subfield>
</datafield>
<datafield tag="700" ind1="1" ind2="2">
<subfield code="a">Hopkinson, Nalo,</subfield>
<subfield code="e">author</subfield>
<subfield code="e">editor.</subfield>
<subfield code="1">http://viaf.org/viaf/14061281</subfield>
<subfield code="4">aut</subfield>
<subfield code="4">edt</subfield>
</datafield>
<datafield tag="700" ind1="1" ind2="2">
<subfield code="a">Mehan, Uppinder,</subfield>
<subfield code="e">author</subfield>
<subfield code="e">editor.</subfield>
<subfield code="0">(NO-TrBIB)7016542</subfield>
</datafield>
<datafield tag="700" ind1="1" ind2="2">
<subfield code="a">Shawl, Nisi.</subfield>
<subfield code="e">author.</subfield>
<subfield code="t">Deep end.</subfield>
<subfield code="4">aut</subfield>
</datafield>
<datafield tag="700" ind1="1" ind2="2">
<subfield code="a">Hairston, Andrea.</subfield>
<subfield code="e">author.</subfield>
<subfield code="t">Griots of the galaxy.</subfield>
<subfield code="1">https://www.goodreads.com/book/show/19160404</subfield>
<subfield code="4">aut</subfield>
</datafield>
<datafield tag="700" ind1="1" ind2="2">
<subfield code="a">Mayr, Suzette.</subfield>
<subfield code="e">author.</subfield>
<subfield code="t">Toot sweet Matricia.</subfield>
<subfield code="4">aut</subfield>
</datafield>
<datafield tag="700" ind1="1" ind2="2">
<subfield code="a">Lai, Larissa.</subfield>
<subfield code="e">author.</subfield>
<subfield code="t">Rachel.</subfield>
<subfield code="4">aut</subfield>
</datafield>
<datafield tag="700" ind1="1" ind2="2">
<subfield code="a">Robinson, Eden.</subfield>
<subfield code="e">author.</subfield>
<subfield code="t">Terminal avenue.</subfield>
<subfield code="1">https://www.goodreads.com/book/show/25099539</subfield>
<subfield code="4">aut</subfield>
</datafield>
<datafield tag="700" ind1="1" ind2="2">
<subfield code="a">Okorafor-Mbachu, Nnedi.</subfield>
<subfield code="e">author.</subfield>
<subfield code="t">When scarabs multiply.</subfield>
<subfield code="4">aut</subfield>
</datafield>
<datafield tag="700" ind1="1" ind2="2">
<subfield code="a">Singh, Vandana.</subfield>
<subfield code="e">author.</subfield>
<subfield code="t">Delhi.</subfield>
<subfield code="4">aut</subfield>
</datafield>
<datafield tag="700" ind1="1" ind2="2">
<subfield code="a">Kobayashi, Tamai.</subfield>
<subfield code="e">author.</subfield>
<subfield code="t">Panopte's eye.</subfield>
<subfield code="4">aut</subfield>
</datafield>
<datafield tag="700" ind1="1" ind2="2">
<subfield code="a">Thomas, Sheree R..</subfield>
<subfield code="e">author.</subfield>
<subfield code="t">The grassdreaming tree.</subfield>
<subfield code="4">aut</subfield>
</datafield>
<datafield tag="700" ind1="1" ind2="2">
<subfield code="a">Compton, Wayde.</subfield>
<subfield code="e">author.</subfield>
<subfield code="t">The blue road: A fairy tale.</subfield>
<subfield code="4">aut</subfield>
</datafield>
<datafield tag="700" ind1="1" ind2="2">
<subfield code="a">Lowachee, Karin.</subfield>
<subfield code="e">author.</subfield>
<subfield code="t">The forgotten ones.</subfield>
<subfield code="4">aut</subfield>
</datafield>
<datafield tag="700" ind1="1" ind2="2">
<subfield code="a">van Eekhout, Greg.</subfield>
<subfield code="e">author.</subfield>
<subfield code="t">Native aliens.</subfield>
<subfield code="4">aut</subfield>
</datafield>
<datafield tag="700" ind1="1" ind2="2">
<subfield code="a">Amberstone, Celu.</subfield>
<subfield code="e">author.</subfield>
<subfield code="t">Refugees.</subfield>
<subfield code="4">aut</subfield>
</datafield>
<datafield tag="700" ind1="1" ind2="2">
<subfield code="a">major, devorah.</subfield>
<subfield code="e">author.</subfield>
<subfield code="t">Trade Winds.</subfield>
<subfield code="4">aut</subfield>
</datafield>
<datafield tag="700" ind1="1" ind2="2">
<subfield code="a">McDonnell, Carole.</subfield>
<subfield code="e">author.</subfield>
<subfield code="t">Lingua franca.</subfield>
<subfield code="4">aut</subfield>
</datafield>
<datafield tag="700" ind1="1" ind2="2">
<subfield code="a">Begamudré, Ven.</subfield>
<subfield code="e">author.</subfield>
<subfield code="t">Out of sync.</subfield>
<subfield code="4">aut</subfield>
</datafield>
<datafield tag="700" ind1="1" ind2="2">
<subfield code="a">Palmer Adisa, Opal.</subfield>
<subfield code="e">author.</subfield>
<subfield code="t">The living roots.</subfield>
<subfield code="4">aut</subfield>
</datafield>
<datafield tag="700" ind1="1" ind2="2">
<subfield code="a">Khankhoje, Maya.</subfield>
<subfield code="e">author.</subfield>
<subfield code="t">Journey into the vortex.</subfield>
<subfield code="4">aut</subfield>
</datafield>
<datafield tag="700" ind1="1" ind2="2">
<subfield code="a">Buckell, Tobias S..</subfield>
<subfield code="e">author.</subfield>
<subfield code="t">Necahual.</subfield>
<subfield code="1">https://www.goodreads.com/book/show/3333952</subfield>
<subfield code="4">aut</subfield>
</datafield>
<datafield tag="700" ind1="1" ind2="2">
<subfield code="a">Mehan, Uppinder.</subfield>
<subfield code="e">author.</subfield>
<subfield code="t">Final thoughts.</subfield>
<subfield code="4">aut</subfield>
</datafield>
<datafield tag="776" ind1="0" ind2=" ">
<subfield code="t">So long been dreaming : postcolonial science fiction & fantasy</subfield>
<subfield code="w">991408972324702201</subfield>
</datafield>
</record>