


<record id="108">
<leader>00927cam a2200229 a 4500</leader>
<controlfield tag="001">000030992780</controlfield>
<controlfield tag="008">050330s2005    abc           000 j eng</controlfield>
<datafield tag="020" ind1=" " ind2=" ">
<subfield code="a">1894063260 :</subfield>
<subfield code="c">$20.95</subfield>
</datafield>
<datafield tag="245" ind1="0" ind2="0">
<subfield code="a">Tesseracts nine :</subfield>
<subfield code="b">new Canadian speculative fiction /</subfield>
<subfield code="c">edited by Nalo Hopkinson and Geoff Ryman.</subfield>
</datafield>
<datafield tag="250" ind1=" " ind2=" ">
<subfield code="a">First edition.</subfield>
</datafield>
<datafield tag="260" ind1=" " ind2=" ">
<subfield code="a">Calgary :</subfield>
<subfield code="b">EDGE Science Fiction and Fantasy Publishing,</subfield>
<subfield code="c">[2005].</subfield>
</datafield>
<datafield tag="300" ind1=" " ind2=" ">
<subfield code="a">391 pages ;</subfield>
<subfield code="c">22 cm.</subfield>
</datafield>
<datafield tag="650" ind1=" " ind2="5">
<subfield code="a">Science fiction, Canadian (English)</subfield>
</datafield>
<datafield tag="650" ind1=" " ind2="5">
<subfield code="a">Fantasy fiction, Canadian (English)</subfield>
</datafield>
<datafield tag="650" ind1=" " ind2="5">
<subfield code="a">Short stories, Canadian (English)</subfield>
</datafield>
<datafield tag="650" ind1=" " ind2="5">
<subfield code="a">Canadian fiction (English)</subfield>
<subfield code="y">21st century.</subfield>
</datafield>
<datafield tag="650" ind1=" " ind2="6">
<subfield code="a">Science-fiction canadienne-anglaise</subfield>
</datafield>
<datafield tag="650" ind1=" " ind2="6">
<subfield code="a">Roman fantastique canadien-anglais</subfield>
</datafield>
<datafield tag="650" ind1=" " ind2="6">
<subfield code="a">Nouvelles canadiennes-anglaises.</subfield>
</datafield>
<datafield tag="650" ind1=" " ind2="6">
<subfield code="a">Roman canadien-anglais</subfield>
<subfield code="y">21e siècl</subfield>
</datafield>
</record>