
-->
<!--
<record id="112">
<leader>01114cam a2200313 i 4500</leader>
<controlfield tag="001">020390032</controlfield>
<controlfield tag="003">UkOxU</controlfield>
<controlfield tag="005">20150922232452.0</controlfield>
<controlfield tag="008">150803s2014    enk      b    000 0 eng d</controlfield>
<datafield tag="015" ind1=" " ind2=" ">
<subfield code="a">GBB5C8246</subfield>
<subfield code="2">bnb</subfield>
</datafield>
<datafield tag="020" ind1=" " ind2=" ">
<subfield code="a">9780992817275 (pbk.) :</subfield>
<subfield code="c">£8.99</subfield>
</datafield>
<datafield tag="020" ind1=" " ind2=" ">
<subfield code="a">0992817277 (pbk.) :</subfield>
<subfield code="c">£8.99</subfield>
</datafield>
<datafield tag="035" ind1=" " ind2=" ">
<subfield code="a">(IeDuTC)b162230242</subfield>
</datafield>
<datafield tag="035" ind1=" " ind2=" ">
<subfield code="a">(Uk)017369830</subfield>
</datafield>
<datafield tag="040" ind1=" " ind2=" ">
<subfield code="e">rda</subfield>
</datafield>
<datafield tag="042" ind1=" " ind2=" ">
<subfield code="a">ukscp</subfield>
</datafield>
<datafield tag="082" ind1="0" ind2="4">
<subfield code="a">AF</subfield>
</datafield>
<datafield tag="245" ind1="0" ind2="0">
<subfield code="a">Speculative fiction 2013 :</subfield>
<subfield code="b">the year's best online reviews, essays and commentary /</subfield>
<subfield code="c">edited by Ana Grilo and Thea James ; foreword by Seanan McGuire ; afterword by Renee Williams and Shaun Duke.</subfield>
</datafield>
<datafield tag="264" ind1=" " ind2="1">
<subfield code="a">[London] :</subfield>
<subfield code="b">Jurassic London,</subfield>
<subfield code="c">2014.</subfield>
</datafield>
<datafield tag="300" ind1=" " ind2=" ">
<subfield code="a">356 pages ;</subfield>
<subfield code="c">23 cm</subfield>
</datafield>
<datafield tag="336" ind1=" " ind2=" ">
<subfield code="a">text</subfield>
<subfield code="2">rdacontent</subfield>
</datafield>
<datafield tag="337" ind1=" " ind2=" ">
<subfield code="a">unmediated</subfield>
<subfield code="2">rdamedia</subfield>
</datafield>
<datafield tag="338" ind1=" " ind2=" ">
<subfield code="a">volume</subfield>
<subfield code="2">rdacarrier</subfield>
</datafield>
<datafield tag="504" ind1=" " ind2=" ">
<subfield code="a">Includes bibliographical references.</subfield>
</datafield>
<datafield tag="650" ind1=" " ind2="0">
<subfield code="a">Fantasy fiction</subfield>
<subfield code="x">History and criticism.</subfield>
</datafield>
<datafield tag="650" ind1=" " ind2="0">
<subfield code="a">Science fiction</subfield>
<subfield code="x">History and criticism.</subfield>
</datafield>
<datafield tag="700" ind1="1" ind2="2">
<subfield code="a">Grilo, Ana,</subfield>
<subfield code="e">editor.</subfield>
</datafield>
<datafield tag="700" ind1="1" ind2="2">
<subfield code="a">James, Thea,</subfield>
<subfield code="e">editor.</subfield>
</datafield>
</record>