


<record id="114">
<leader>01532pam a22003731i 4500</leader>
<controlfield tag="001">020709462</controlfield>
<controlfield tag="003">UkOxU</controlfield>
<controlfield tag="005">20171005232725.0</controlfield>
<controlfield tag="006">m    ||  d |</controlfield>
<controlfield tag="007">cr |||||||||||</controlfield>
<controlfield tag="008">160915s2016    enk     o     000|f|eng|d</controlfield>
<datafield tag="015" ind1=" " ind2=" ">
<subfield code="a">GBB6D1008</subfield>
<subfield code="2">bnb</subfield>
</datafield>
<datafield tag="020" ind1=" " ind2=" ">
<subfield code="a">9781472116338 (ePub ebook) :</subfield>
<subfield code="c">£8.99</subfield>
</datafield>
<datafield tag="020" ind1=" " ind2=" ">
<subfield code="z">9781472151056 (pbk.) :</subfield>
<subfield code="c">£8.99</subfield>
</datafield>
<datafield tag="035" ind1=" " ind2=" ">
<subfield code="a">(Uk)018017491</subfield>
</datafield>
<datafield tag="037" ind1=" " ind2=" ">
<subfield code="a">HachetteUK489731</subfield>
<subfield code="b">Ingram Content Group</subfield>
</datafield>
<datafield tag="040" ind1=" " ind2=" ">
<subfield code="e">rda</subfield>
<subfield code="e">pn</subfield>
</datafield>
<datafield tag="082" ind1="0" ind2="4">
<subfield code="a">813.6</subfield>
<subfield code="2">23</subfield>
</datafield>
<datafield tag="100" ind1="1" ind2=" ">
<subfield code="a">McGuire, Seanan,</subfield>
<subfield code="1">http://viaf.org/viaf/103858307</subfield>
<subfield code="4">aut</subfield>
</datafield>
<datafield tag="245" ind1="1" ind2="0">
<subfield code="a">Once broken faith /</subfield>
<subfield code="c">Seanan McGuire.</subfield>
</datafield>
<datafield tag="264" ind1=" " ind2="1">
<subfield code="a">London :</subfield>
<subfield code="b">Corsair,</subfield>
<subfield code="c">2016.</subfield>
</datafield>
<datafield tag="300" ind1=" " ind2=" ">
<subfield code="a">1 online resource.</subfield>
</datafield>
<datafield tag="336" ind1=" " ind2=" ">
<subfield code="a">text</subfield>
<subfield code="b">txt</subfield>
<subfield code="1">http://rdaregistry.info/termList/RDAContentType/1020</subfield>
<subfield code="2">rdacontent</subfield>
</datafield>
<datafield tag="337" ind1=" " ind2=" ">
<subfield code="a">computer</subfield>
<subfield code="b">c</subfield>
<subfield code="1">http://rdaregistry.info/termList/RDAMediaType/1003</subfield>
<subfield code="2">rdamedia</subfield>
</datafield>
<datafield tag="338" ind1="1" ind2="0">
<subfield code="a">online resource</subfield>
<subfield code="b">cr</subfield>
<subfield code="1">http://rdaregistry.info/termList/RDACarrierType/1018</subfield>
<subfield code="2">rdacarrier</subfield>
</datafield>
<datafield tag="380" ind1=" " ind2=" ">
<subfield code="a"></subfield>
<subfield code="1">http://id.loc.gov/authorities/genreForms/</subfield>
<subfield code="2">lcgft</subfield>
</datafield>
<datafield tag="490" ind1="0" ind2=" ">
<subfield code="a">Toby Daye novels ;</subfield>
<subfield code="v">10</subfield>
</datafield>
<datafield tag="506" ind1="1" ind2=" ">
<subfield code="a">Legal Deposit;</subfield>
<subfield code="c">Only available on premises controlled by the deposit library and to one user at any one time;</subfield>
<subfield code="e">The Legal Deposit Libraries (Non-Print Works) Regulations (UK).</subfield>
<subfield code="5">UkOxU</subfield>
</datafield>
<datafield tag="540" ind1=" " ind2=" ">
<subfield code="a">Restricted: Printing from this resource is governed by The Legal Deposit Libraries (Non-Print Works) Regulations (UK) and UK copyright law currently in force.</subfield>
<subfield code="5">UkOxU</subfield>
</datafield>
<datafield tag="588" ind1=" " ind2=" ">
<subfield code="a">Description based on CIP data; item not viewed.</subfield>
</datafield>
<datafield tag="500" ind1=" " ind2=" ">
<subfield code="a">Nonacademic</subfield>
</datafield>
<datafield tag="600" ind1="1" ind2="0">
<subfield code="a">Daye, October</subfield>
<subfield code="c">(Fictitious character)</subfield>
<subfield code="v">Fiction.</subfield>
</datafield>
<datafield tag="655" ind1=" " ind2="0">
<subfield code="a">Paranormal fiction</subfield>
</datafield>
<datafield tag="776" ind1="0" ind2="8">
<subfield code="i">Print version :</subfield>
<subfield code="z">9781472151056</subfield>
</datafield>
</record>