


<record id="123">
<leader>00685pam a2200253 a 4500</leader>
<controlfield tag="001">017651362</controlfield>
<controlfield tag="003">UkOxU</controlfield>
<controlfield tag="005">20120911221344.0</controlfield>
<controlfield tag="008">110128s2011    enk    j      000 1 eng d</controlfield>
<datafield tag="015" ind1=" " ind2=" ">
<subfield code="a">GBB115740</subfield>
<subfield code="2">bnb</subfield>
</datafield>
<datafield tag="020" ind1=" " ind2=" ">
<subfield code="a">9781907411090 (pbk.) :</subfield>
<subfield code="c">£6.99</subfield>
</datafield>
<datafield tag="020" ind1=" " ind2=" ">
<subfield code="a">1907411097 (pbk.) :</subfield>
<subfield code="c">£6.99</subfield>
</datafield>
<datafield tag="035" ind1=" " ind2=" ">
<subfield code="a">(Uk)015744249</subfield>
</datafield>
<datafield tag="040" ind1=" " ind2=" ">
<subfield code="e"/>
</datafield>
<datafield tag="042" ind1=" " ind2=" ">
<subfield code="a">ukblcatcopy</subfield>
</datafield>
<datafield tag="082" ind1="0" ind2="4">
<subfield code="a">813.6</subfield>
<subfield code="2">22</subfield>
</datafield>
<datafield tag="100" ind1="1" ind2=" ">
<subfield code="a">Lo, Malinda,</subfield>
<subfield code="e">author.</subfield>
<subfield code="0"> http://viaf.org/viaf/264367410</subfield>
<subfield code="4">aut</subfield>
</datafield>
<datafield tag="245" ind1="1" ind2="0">
<subfield code="a">Huntress /</subfield>
<subfield code="c">Malinda Lo.</subfield>
</datafield>
<datafield tag="260" ind1=" " ind2=" ">
<subfield code="a">London :</subfield>
<subfield code="b">Atom,</subfield>
<subfield code="c">2011.</subfield>
</datafield>
<datafield tag="300" ind1=" " ind2=" ">
<subfield code="a">371 pages ;</subfield>
<subfield code="c">20 cm.</subfield>
</datafield>
<datafield tag="500" ind1=" " ind2=" ">
<subfield code="a">Formerly CIP.</subfield>
<subfield code="5">Uk</subfield>
</datafield>
<datafield tag="655" ind1=" " ind2="0">
<subfield code="a">Fantasy fiction</subfield>
</datafield>
<datafield tag="655" ind1=" " ind2="0">
<subfield code="a">Young adult fiction</subfield>
</datafield>
</record>