


<record id="124">
<leader>01526pam a2200385 i 4500</leader>
<controlfield tag="001">020264384</controlfield>
<controlfield tag="003">UkOxU</controlfield>
<controlfield tag="005">20171004222330.0</controlfield>
<controlfield tag="006">m    ||  d |</controlfield>
<controlfield tag="007">cr |||||||||||</controlfield>
<controlfield tag="008">131206r20142012enk    jo     000 1|eng d</controlfield>
<datafield tag="015" ind1=" " ind2=" ">
<subfield code="a">GBB4E8278</subfield>
<subfield code="2">bnb</subfield>
</datafield>
<datafield tag="020" ind1=" " ind2=" ">
<subfield code="a">9781444917956 (ePub ebook) :</subfield>
<subfield code="c">£6.99</subfield>
</datafield>
<datafield tag="035" ind1=" " ind2=" ">
<subfield code="a">(Uk)016743880</subfield>
</datafield>
<datafield tag="037" ind1=" " ind2=" ">
<subfield code="a">9781444917956</subfield>
<subfield code="b">Ingram Content Group</subfield>
</datafield>
<datafield tag="040" ind1=" " ind2=" ">
<subfield code="e">rda</subfield>
<subfield code="e">pn</subfield>
</datafield>
<datafield tag="042" ind1=" " ind2=" ">
<subfield code="a">ukblcatcopy</subfield>
</datafield>
<datafield tag="082" ind1="0" ind2="4">
<subfield code="a">813.6</subfield>
<subfield code="2">23</subfield>
</datafield>
<datafield tag="100" ind1="1" ind2=" ">
<subfield code="a">Lo, Malinda,</subfield>
<subfield code="e">author.</subfield>
<subfield code="0"> http://viaf.org/viaf/264367410</subfield>
<subfield code="4">aut</subfield>
</datafield>
<datafield tag="245" ind1="1" ind2="0">
<subfield code="a">Adaptation /</subfield>
<subfield code="c">Malinda Lo.</subfield>
</datafield>
<datafield tag="264" ind1=" " ind2="1">
<subfield code="a">London :</subfield>
<subfield code="b">Hodder Children's Books,</subfield>
<subfield code="c">2014.</subfield>
</datafield>
<datafield tag="264" ind1=" " ind2="4">
<subfield code="c">©2012</subfield>
</datafield>
<datafield tag="300" ind1=" " ind2=" ">
<subfield code="a">1 online resource.</subfield>
</datafield>
<datafield tag="336" ind1=" " ind2=" ">
<subfield code="a">text</subfield>
<subfield code="2">rdacontent</subfield>
</datafield>
<datafield tag="337" ind1=" " ind2=" ">
<subfield code="a">computer</subfield>
<subfield code="2">rdamedia</subfield>
</datafield>
<datafield tag="338" ind1=" " ind2=" ">
<subfield code="a">online resource</subfield>
<subfield code="2">rdacarrier</subfield>
</datafield>
<datafield tag="500" ind1=" " ind2=" ">
<subfield code="a">Previously issued in print: New York: Little, Brown, 2012.</subfield>
</datafield>
<datafield tag="500" ind1=" " ind2=" ">
<subfield code="a">Formerly CIP.</subfield>
<subfield code="5">Uk</subfield>
</datafield>
<datafield tag="506" ind1="1" ind2=" ">
<subfield code="a">Legal Deposit;</subfield>
<subfield code="c">Only available on premises controlled by the deposit library and to one user at any one time;</subfield>
<subfield code="e">The Legal Deposit Libraries (Non-Print Works) Regulations (UK).</subfield>
<subfield code="5">UkOxU</subfield>
</datafield>
<datafield tag="540" ind1=" " ind2=" ">
<subfield code="a">Restricted: Printing from this resource is governed by The Legal Deposit Libraries (Non-Print Works) Regulations (UK) and UK copyright law currently in force.</subfield>
<subfield code="5">UkOxU</subfield>
</datafield>
<datafield tag="500" ind1=" " ind2=" ">
<subfield code="a">Nonacademic</subfield>
</datafield>
<datafield tag="655" ind1=" " ind2="7">
<subfield code="a">Romantic suspense novels.</subfield>
<subfield code="2">gsafd</subfield>
</datafield>
<datafield tag="655" ind1=" " ind2="0">
<subfield code="a">Young adult fiction</subfield>
</datafield>
<datafield tag="776" ind1="0" ind2="8">
<subfield code="i">Print version :</subfield>
<subfield code="z">9781444917949</subfield>
</datafield>
</record>