


<record id="126">
<leader>01213nam a22003015i 4500</leader>
<controlfield tag="001">020268415</controlfield>
<controlfield tag="003">UkOxU</controlfield>
<controlfield tag="005">20190214233402.0</controlfield>
<controlfield tag="006">m    ||  d |</controlfield>
<controlfield tag="007">cr |||||||||||</controlfield>
<controlfield tag="008">141006s2014    xxk|||||o    |||| ||eng</controlfield>
<datafield tag="020" ind1=" " ind2=" ">
<subfield code="a">9781444917970</subfield>
<subfield code="q">(EPUB)</subfield>
</datafield>
<datafield tag="020" ind1=" " ind2=" ">
<subfield code="a">1444917978</subfield>
<subfield code="q">(EPUB)</subfield>
</datafield>
<datafield tag="035" ind1=" " ind2=" ">
<subfield code="a">(Uk)016911447</subfield>
</datafield>
<datafield tag="037" ind1=" " ind2=" ">
<subfield code="a">9781444917970</subfield>
<subfield code="b">Ingram Content Group</subfield>
</datafield>
<datafield tag="040" ind1=" " ind2=" ">
<subfield code="e"/>
</datafield>
<datafield tag="100" ind1="1" ind2=" ">
<subfield code="a">Lo, Malinda,</subfield>
<subfield code="e">author.</subfield>
<subfield code="0"> http://viaf.org/viaf/264367410</subfield>
<subfield code="4">aut</subfield>
</datafield>
<datafield tag="245" ind1="1" ind2="0">
<subfield code="a">Inheritance /</subfield>
<subfield code="c">Malinda Lo.</subfield>
</datafield>
<datafield tag="264" ind1=" " ind2="1">
<subfield code="a">London :</subfield>
<subfield code="b">Hodder Children's Books,</subfield>
<subfield code="c">2014.</subfield>
</datafield>
<datafield tag="300" ind1=" " ind2=" ">
<subfield code="a">1 online resource (480 pages).</subfield>
</datafield>
<datafield tag="336" ind1=" " ind2=" ">
<subfield code="a">text</subfield>
<subfield code="2">rdacontent</subfield>
</datafield>
<datafield tag="337" ind1=" " ind2=" ">
<subfield code="a">computer</subfield>
<subfield code="2">rdamedia</subfield>
</datafield>
<datafield tag="338" ind1=" " ind2=" ">
<subfield code="a">online resource</subfield>
<subfield code="2">rdacarrier</subfield>
</datafield>
<datafield tag="506" ind1="1" ind2=" ">
<subfield code="a">Legal Deposit;</subfield>
<subfield code="c">Only available on premises controlled by the deposit library and to one user at any one time;</subfield>
<subfield code="e">The Legal Deposit Libraries (Non-Print Works) Regulations (UK).</subfield>
<subfield code="5">UkOxU</subfield>
</datafield>
<datafield tag="540" ind1=" " ind2=" ">
<subfield code="a">Restricted: Printing from this resource is governed by The Legal Deposit Libraries (Non-Print Works) Regulations (UK) and UK copyright law currently in force.</subfield>
<subfield code="5">UkOxU</subfield>
</datafield>
<datafield tag="500" ind1=" " ind2=" ">
<subfield code="a">Nonacademic</subfield>
</datafield>
<datafield tag="859" ind1=" " ind2=" ">
<subfield code="a">ELD</subfield>
<subfield code="b">ebook</subfield>
</datafield>
</record>