


<record id="127">
<leader>00462nam a2200133 i 4500</leader>
<controlfield tag="001">000045261412</controlfield>
<controlfield tag="008">180306t20142014waua          000 m eng</controlfield>
<datafield tag="020" ind1=" " ind2=" ">
<subfield code="a">9781619760608 (softcover)</subfield>
</datafield>
<datafield tag="100" ind1="1" ind2=" ">
<subfield code="a">Goto, Hiromi,</subfield>
<subfield code="d">1966-,</subfield>
<subfield code="1">http://viaf.org/viaf/114529294</subfield>
<subfield code="e">aut</subfield>
</datafield>
<datafield tag="245" ind1="1" ind2="0">
<subfield code="a">Systems fail /</subfield>
<subfield code="c">Hiromi Goto and N. K. Jemisin.</subfield>
</datafield>
<datafield tag="264" ind1=" " ind2="1">
<subfield code="a">Seattle, WA :</subfield>
<subfield code="b">Aqueduct Press,</subfield>
<subfield code="c">[2014]</subfield>
</datafield>
<datafield tag="264" ind1=" " ind2="4">
<subfield code="c">©20</subfield>
</datafield>
<datafield tag="300" ind1="4" ind2=" ">
<subfield code="a">132 pages :</subfield>
<subfield code="b">illustrations ;</subfield>
<subfield code="c">21 cm</subfield>
</datafield>
</record>