


<record id="132">
<leader>00809pam a2200289 a 4500</leader>
<controlfield tag="001">019365966</controlfield>
<controlfield tag="003">UkOxU</controlfield>
<controlfield tag="005">20130408213222.0</controlfield>
<controlfield tag="008">120118s2012    enk           000 1 eng d</controlfield>
<datafield tag="015" ind1=" " ind2=" ">
<subfield code="a">GBB206510</subfield>
<subfield code="2">bnb</subfield>
</datafield>
<datafield tag="020" ind1=" " ind2=" ">
<subfield code="a">9780356500768 (pbk.) :</subfield>
<subfield code="c">£7.99</subfield>
</datafield>
<datafield tag="020" ind1=" " ind2=" ">
<subfield code="a">0356500764 (pbk.) :</subfield>
<subfield code="c">£7.99</subfield>
</datafield>
<datafield tag="020" ind1=" " ind2=" ">
<subfield code="z">9780748129997 (ebook)</subfield>
</datafield>
<datafield tag="020" ind1=" " ind2=" ">
<subfield code="z">0748129995 (ebook)</subfield>
</datafield>
<datafield tag="035" ind1=" " ind2=" ">
<subfield code="a">(Uk)016014853</subfield>
</datafield>
<datafield tag="040" ind1=" " ind2=" ">
<subfield code="e"/>
</datafield>
<datafield tag="042" ind1=" " ind2=" ">
<subfield code="a">ukblcatcopy</subfield>
</datafield>
<datafield tag="082" ind1="0" ind2="4">
<subfield code="a">813.6</subfield>
<subfield code="2">23</subfield>
</datafield>
<datafield tag="100" ind1="1" ind2=" ">
<subfield code="a">Jemisin, N. K.,</subfield>
<subfield code="0"> http://viaf.org/viaf/160100764</subfield>
<subfield code="4">aut</subfield>
</datafield>
<datafield tag="245" ind1="1" ind2="4">
<subfield code="a">The killing moon /</subfield>
<subfield code="c">N. K. Jemisin.</subfield>
</datafield>
<datafield tag="260" ind1=" " ind2=" ">
<subfield code="a">London :</subfield>
<subfield code="b">Orbit,</subfield>
<subfield code="c">2012.</subfield>
</datafield>
<datafield tag="300" ind1=" " ind2=" ">
<subfield code="a">418 pages ;</subfield>
<subfield code="c">20 cm.</subfield>
</datafield>
<datafield tag="490" ind1="0" ind2=" ">
<subfield code="a">Dreamblood ;</subfield>
<subfield code="v">Book one</subfield>
</datafield>
<datafield tag="500" ind1=" " ind2=" ">
<subfield code="a">Formerly CIP.</subfield>
<subfield code="5">Uk</subfield>
</datafield>
<datafield tag="655" ind1=" " ind2="0">
<subfield code="a">Fantasy fiction</subfield>
</datafield>
</record>