


<record id="133">
<leader>01284nam a2200325 i 4500</leader>
<controlfield tag="001">020417480</controlfield>
<controlfield tag="003">UkOxU</controlfield>
<controlfield tag="005">20171002233117.0</controlfield>
<controlfield tag="006">m    ||  d |</controlfield>
<controlfield tag="007">cr |||||||||||</controlfield>
<controlfield tag="008">150818s2015    enk    go     0|0 1|eng</controlfield>
<datafield tag="015" ind1=" " ind2=" ">
<subfield code="a">GBB695355</subfield>
<subfield code="2">bnb</subfield>
</datafield>
<datafield tag="020" ind1=" " ind2=" ">
<subfield code="a">9780356506890</subfield>
<subfield code="q">(EPUB)</subfield>
</datafield>
<datafield tag="020" ind1=" " ind2=" ">
<subfield code="a">0356506894</subfield>
<subfield code="q">(EPUB)</subfield>
</datafield>
<datafield tag="035" ind1=" " ind2=" ">
<subfield code="a">(Uk)017512986</subfield>
</datafield>
<datafield tag="037" ind1=" " ind2=" ">
<subfield code="a">HachetteUK532185</subfield>
<subfield code="b">Ingram Content Group</subfield>
</datafield>
<datafield tag="040" ind1=" " ind2=" ">
<subfield code="e">rda</subfield>
</datafield>
<datafield tag="042" ind1=" " ind2=" ">
<subfield code="a">ukblsr</subfield>
</datafield>
<datafield tag="082" ind1="0" ind2="4">
<subfield code="a">813.6</subfield>
<subfield code="2">23</subfield>
</datafield>
<datafield tag="100" ind1="1" ind2=" ">
<subfield code="a">Jemisin, N. K.,</subfield>
<subfield code="e">author.</subfield>
<subfield code="0"> http://viaf.org/viaf/160100764</subfield>
<subfield code="4">aut</subfield>
</datafield>
<datafield tag="245" ind1="1" ind2="0">
<subfield code="a">Shades in shadow :</subfield>
<subfield code="b">an inheritance triptych /</subfield>
<subfield code="c">N. K. Jemisin.</subfield>
</datafield>
<datafield tag="264" ind1=" " ind2="1">
<subfield code="a">London :</subfield>
<subfield code="b">Orbit,</subfield>
<subfield code="c">[2015].</subfield>
</datafield>
<datafield tag="300" ind1=" " ind2=" ">
<subfield code="a">1 online resource.</subfield>
</datafield>
<datafield tag="336" ind1=" " ind2=" ">
<subfield code="a">text</subfield>
<subfield code="2">rdacontent</subfield>
</datafield>
<datafield tag="337" ind1=" " ind2=" ">
<subfield code="a">computer</subfield>
<subfield code="2">rdamedia</subfield>
</datafield>
<datafield tag="338" ind1=" " ind2=" ">
<subfield code="a">online resource</subfield>
<subfield code="2">rdacarrier</subfield>
</datafield>
<datafield tag="506" ind1="1" ind2=" ">
<subfield code="a">Legal Deposit;</subfield>
<subfield code="c">Only available on premises controlled by the deposit library and to one user at any one time;</subfield>
<subfield code="e">The Legal Deposit Libraries (Non-Print Works) Regulations (UK).</subfield>
<subfield code="5">UkOxU</subfield>
</datafield>
<datafield tag="540" ind1=" " ind2=" ">
<subfield code="a">Restricted: Printing from this resource is governed by The Legal Deposit Libraries (Non-Print Works) Regulations (UK) and UK copyright law currently in force.</subfield>
<subfield code="5">UkOxU</subfield>
</datafield>
<datafield tag="500" ind1=" " ind2=" ">
<subfield code="a">Nonacademic</subfield>
</datafield>
</record>