


<record id="137">
<leader>01752aam a22004451i 4500</leader>
<controlfield tag="001">021045892</controlfield>
<controlfield tag="003">UkOxU</controlfield>
<controlfield tag="005">20180110171651.0</controlfield>
<controlfield tag="006">m    ||  d |</controlfield>
<controlfield tag="007">cr |||||||||||</controlfield>
<controlfield tag="008">171111s2017    enk     o     000 1 eng d</controlfield>
<datafield tag="015" ind1=" " ind2=" ">
<subfield code="a">GBB7O3347</subfield>
<subfield code="2">bnb</subfield>
</datafield>
<datafield tag="020" ind1=" " ind2=" ">
<subfield code="a">9781785651618</subfield>
<subfield code="q">(electronic bk.)</subfield>
</datafield>
<datafield tag="020" ind1=" " ind2=" ">
<subfield code="a">1785651617</subfield>
<subfield code="q">(electronic bk.)</subfield>
</datafield>
<datafield tag="035" ind1=" " ind2=" ">
<subfield code="a">(Uk)018593750</subfield>
</datafield>
<datafield tag="037" ind1=" " ind2=" ">
<subfield code="a">AAAA8737</subfield>
<subfield code="b">Ingram Content Group</subfield>
</datafield>
<datafield tag="040" ind1=" " ind2=" ">
<subfield code="e">rda</subfield>
</datafield>
<datafield tag="042" ind1=" " ind2=" ">
<subfield code="a">ukblsr</subfield>
</datafield>
<datafield tag="050" ind1=" " ind2="4">
<subfield code="a">PS3610.E46</subfield>
</datafield>
<datafield tag="082" ind1="0" ind2="4">
<subfield code="a">813/.6</subfield>
<subfield code="2">23</subfield>
</datafield>
<datafield tag="100" ind1="1" ind2=" ">
<subfield code="a">Jemisin, N. K.,</subfield>
<subfield code="e">author.</subfield>
<subfield code="0"> http://viaf.org/viaf/160100764</subfield>
<subfield code="4">aut</subfield>
</datafield>
<datafield tag="245" ind1="1" ind2="0">
<subfield code="a">Mass effect Andromeda :</subfield>
<subfield code="b">initiation /</subfield>
<subfield code="c">N.K. Jemisin and Mac Walters.</subfield>
</datafield>
<datafield tag="246" ind1="3" ind2="0">
<subfield code="a">Mass effect :</subfield>
<subfield code="b">Initiation</subfield>
</datafield>
<datafield tag="264" ind1=" " ind2="1">
<subfield code="a">London :</subfield>
<subfield code="b">Titan Books,</subfield>
<subfield code="c">2017.</subfield>
</datafield>
<datafield tag="300" ind1=" " ind2=" ">
<subfield code="a">1 online resource.</subfield>
</datafield>
<datafield tag="336" ind1=" " ind2=" ">
<subfield code="a">text</subfield>
<subfield code="2">rdacontent</subfield>
</datafield>
<datafield tag="337" ind1=" " ind2=" ">
<subfield code="a">computer</subfield>
<subfield code="2">rdamedia</subfield>
</datafield>
<datafield tag="338" ind1=" " ind2=" ">
<subfield code="a">online resource</subfield>
<subfield code="2">rdacarrier</subfield>
</datafield>
<datafield tag="500" ind1=" " ind2=" ">
<subfield code="a">Description based upon print version of record.</subfield>
</datafield>
<datafield tag="506" ind1="1" ind2=" ">
<subfield code="a">Legal Deposit;</subfield>
<subfield code="c">Only available on premises controlled by the deposit library and to one user at any one time;</subfield>
<subfield code="e">The Legal Deposit Libraries (Non-Print Works) Regulations (UK).</subfield>
<subfield code="5">UkOxU</subfield>
</datafield>
<datafield tag="540" ind1=" " ind2=" ">
<subfield code="a">Restricted: Printing from this resource is governed by The Legal Deposit Libraries (Non-Print Works) Regulations (UK) and UK copyright law currently in force.</subfield>
<subfield code="5">UkOxU</subfield>
</datafield>
<datafield tag="500" ind1=" " ind2=" ">
<subfield code="a">Nonacademic</subfield>
</datafield>
<datafield tag="650" ind1=" " ind2="0">
<subfield code="a">Space colonies</subfield>
<subfield code="v">Fiction.</subfield>
</datafield>
<datafield tag="650" ind1=" " ind2="0">
<subfield code="a">Space stations</subfield>
<subfield code="v">Fiction.</subfield>
</datafield>
<datafield tag="650" ind1=" " ind2="0">
<subfield code="a">Dystopias</subfield>
<subfield code="v">Fiction.</subfield>
</datafield>
<datafield tag="650" ind1=" " ind2="7">
<subfield code="a">FICTION / Media Tie-In</subfield>
<subfield code="2">bisacsh</subfield>
</datafield>
<datafield tag="655" ind1=" " ind2="7">
<subfield code="a">Science fiction</subfield>
<subfield code="2">lcgft</subfield>
</datafield>
<datafield tag="655" ind1=" " ind2="4">
<subfield code="a">Electronic books.</subfield>
</datafield>
<datafield tag="700" ind1="1" ind2="2">
<subfield code="a">Walters, Mac,</subfield>
<subfield code="e">author.</subfield>
<subfield code="4">aut</subfield>
</datafield>
</record>