


<record id="138">
<leader>00818nam a2200289 i 4500</leader>
<controlfield tag="001">021314670</controlfield>
<controlfield tag="003">UkOxU</controlfield>
<controlfield tag="005">20181012130722.0</controlfield>
<controlfield tag="008">160725s2016    enkb          000|f|eng|d</controlfield>
<datafield tag="015" ind1=" " ind2=" ">
<subfield code="a">GBB6A3526</subfield>
<subfield code="2">bnb</subfield>
</datafield>
<datafield tag="016" ind1="7" ind2=" ">
<subfield code="a">017953414</subfield>
<subfield code="2">Uk</subfield>
</datafield>
<datafield tag="020" ind1=" " ind2=" ">
<subfield code="a">9780356508368</subfield>
<subfield code="q">paperback</subfield>
</datafield>
<datafield tag="035" ind1=" " ind2=" ">
<subfield code="a">(Uk)017953414</subfield>
</datafield>
<datafield tag="040" ind1=" " ind2=" ">
<subfield code="e">rda</subfield>
</datafield>
<datafield tag="042" ind1=" " ind2=" ">
<subfield code="a">ukblsr</subfield>
</datafield>
<datafield tag="082" ind1="0" ind2="4">
<subfield code="a">813.6</subfield>
<subfield code="2">23</subfield>
</datafield>
<datafield tag="100" ind1="1" ind2=" ">
<subfield code="a">Jemisin, N. K.,</subfield>
<subfield code="e">author.</subfield>
<subfield code="0"> http://viaf.org/viaf/160100764</subfield>
<subfield code="4">aut</subfield>
</datafield>
<datafield tag="245" ind1="1" ind2="4">
<subfield code="a">The obelisk gate /</subfield>
<subfield code="c">N. K. Jemisin.</subfield>
</datafield>
<datafield tag="264" ind1=" " ind2="1">
<subfield code="a">London :</subfield>
<subfield code="b">Orbit,</subfield>
<subfield code="c">2016.</subfield>
</datafield>
<datafield tag="300" ind1=" " ind2=" ">
<subfield code="a">410 pages :</subfield>
<subfield code="b">map ;</subfield>
<subfield code="c">20 cm</subfield>
</datafield>
<datafield tag="336" ind1=" " ind2=" ">
<subfield code="a">text</subfield>
<subfield code="2">rdacontent</subfield>
</datafield>
<datafield tag="337" ind1=" " ind2=" ">
<subfield code="a">unmediated</subfield>
<subfield code="2">rdamedia</subfield>
</datafield>
<datafield tag="338" ind1=" " ind2=" ">
<subfield code="a">volume</subfield>
<subfield code="2">rdacarrier</subfield>
</datafield>
<datafield tag="490" ind1="1" ind2=" ">
<subfield code="a">The broken earth ;</subfield>
<subfield code="v">book two</subfield>
</datafield>
<datafield tag="655" ind1=" " ind2="0">
<subfield code="a">Fantasy fiction</subfield>
</datafield>
<datafield tag="830" ind1=" " ind2="0">
<subfield code="a">Broken earth ;</subfield>
<subfield code="v">bk. 2.</subfield>
</datafield>
</record>