


<record id="142">
<leader>01473nam a22003255i 4500</leader>
<controlfield tag="001">021120467</controlfield>
<controlfield tag="003">UkOxU</controlfield>
<controlfield tag="005">20190215234454.0</controlfield>
<controlfield tag="006">m    ||  d |</controlfield>
<controlfield tag="007">cr |||||||||||</controlfield>
<controlfield tag="008">180129s2017    xxu||||do    |||| ||eng</controlfield>
<datafield tag="020" ind1=" " ind2=" ">
<subfield code="a">9780062382825</subfield>
<subfield code="q">(Electronic book (EPUB format))</subfield>
</datafield>
<datafield tag="020" ind1=" " ind2=" ">
<subfield code="a">0062382829</subfield>
<subfield code="q">(Electronic book (EPUB format))</subfield>
</datafield>
<datafield tag="020" ind1=" " ind2=" ">
<subfield code="z">9780062382801</subfield>
<subfield code="q">(print)</subfield>
</datafield>
<datafield tag="035" ind1=" " ind2=" ">
<subfield code="a">(Uk)018720088</subfield>
</datafield>
<datafield tag="037" ind1=" " ind2=" ">
<subfield code="a">9780062382825</subfield>
<subfield code="b">HarperCollins US</subfield>
</datafield>
<datafield tag="040" ind1=" " ind2=" ">
<subfield code="e"/>
</datafield>
<datafield tag="100" ind1="1" ind2=" ">
<subfield code="a">Lee, Mackenzi,</subfield>
<subfield code="1">http://viaf.org/viaf/311768712</subfield>
<subfield code="4">aut</subfield>
</datafield>
<datafield tag="245" ind1="1" ind2="4">
<subfield code="a">The gentleman's guide to vice and virtue /</subfield>
<subfield code="c">Mackenzi Lee.</subfield>
</datafield>
<datafield tag="264" ind1=" " ind2="1">
<subfield code="a">New York :</subfield>
<subfield code="b">Katherine Tegen Books,</subfield>
<subfield code="c">2017.</subfield>
</datafield>
<datafield tag="300" ind1=" " ind2=" ">
<subfield code="a">1 online resource (528 pages).</subfield>
</datafield>
<datafield tag="336" ind1=" " ind2=" ">
<subfield code="a">text</subfield>
<subfield code="2">rdacontent</subfield>
</datafield>
<datafield tag="337" ind1=" " ind2=" ">
<subfield code="a">computer</subfield>
<subfield code="2">rdamedia</subfield>
</datafield>
<datafield tag="338" ind1=" " ind2=" ">
<subfield code="a">online resource</subfield>
<subfield code="2">rdacarrier</subfield>
</datafield>
<datafield tag="506" ind1="1" ind2=" ">
<subfield code="a">Legal Deposit;</subfield>
<subfield code="c">Only available on premises controlled by the deposit library and to one user at any one time;</subfield>
<subfield code="e">The Legal Deposit Libraries (Non-Print Works) Regulations (UK).</subfield>
<subfield code="5">UkOxU</subfield>
</datafield>
<datafield tag="540" ind1=" " ind2=" ">
<subfield code="a">Restricted: Printing from this resource is governed by The Legal Deposit Libraries (Non-Print Works) Regulations (UK) and UK copyright law currently in force.</subfield>
<subfield code="5">UkOxU</subfield>
</datafield>
<datafield tag="500" ind1=" " ind2=" ">
<subfield code="a">Academic</subfield>
</datafield>
<datafield tag="859" ind1=" " ind2=" ">
<subfield code="a">ELD</subfield>
<subfield code="b">ebook</subfield>
</datafield>
<datafield tag="884" ind1=" " ind2=" ">
<subfield code="a">LDL ebooks ONIX to marcxml transformation using Record_Load-eBooks_Legal_Deposit_onix2marc_v2-1.xsl</subfield>
<subfield code="g">20180129</subfield>
<subfield code="k">9780062382825</subfield>
<subfield code="q">Uk</subfield>
</datafield>
</record>