


<record id="145">
<leader>03587aam a22008411i 4500</leader>
<controlfield tag="001">021419058</controlfield>
<controlfield tag="003">UkOxU</controlfield>
<controlfield tag="005">20190216000124.0</controlfield>
<controlfield tag="006">m    ||  d |</controlfield>
<controlfield tag="007">cr |||||||||||</controlfield>
<controlfield tag="008">170629s2017    nyua   jo     000 1 eng d</controlfield>
<datafield tag="015" ind1=" " ind2=" ">
<subfield code="a">GBB927973</subfield>
<subfield code="2">bnb</subfield>
</datafield>
<datafield tag="020" ind1=" " ind2=" ">
<subfield code="a">9780062382825</subfield>
<subfield code="q">(electronic bk.)</subfield>
</datafield>
<datafield tag="020" ind1=" " ind2=" ">
<subfield code="a">0062382829</subfield>
<subfield code="q">(electronic bk.)</subfield>
</datafield>
<datafield tag="020" ind1=" " ind2=" ">
<subfield code="z">0062382802</subfield>
</datafield>
<datafield tag="020" ind1=" " ind2=" ">
<subfield code="z">9780062382801</subfield>
</datafield>
<datafield tag="035" ind1=" " ind2=" ">
<subfield code="a">(Uk)019208100</subfield>
</datafield>
<datafield tag="037" ind1=" " ind2=" ">
<subfield code="a">com.harpercollins.9780062382825</subfield>
<subfield code="b">Ingram Content Group</subfield>
</datafield>
<datafield tag="040" ind1=" " ind2=" ">
<subfield code="e">rda</subfield>
<subfield code="e">pn</subfield>
</datafield>
<datafield tag="042" ind1=" " ind2=" ">
<subfield code="a">ukblsr</subfield>
</datafield>
<datafield tag="050" ind1=" " ind2="4">
<subfield code="a">PZ7.1.L42</subfield>
<subfield code="b">Gen 2017eb</subfield>
</datafield>
<datafield tag="072" ind1=" " ind2="7">
<subfield code="a">YAF</subfield>
<subfield code="x">052060</subfield>
<subfield code="2">bisacsh</subfield>
</datafield>
<datafield tag="072" ind1=" " ind2="7">
<subfield code="a">YAF</subfield>
<subfield code="x">052040</subfield>
<subfield code="2">bisacsh</subfield>
</datafield>
<datafield tag="072" ind1=" " ind2="7">
<subfield code="a">YAF</subfield>
<subfield code="x">018070</subfield>
<subfield code="2">bisacsh</subfield>
</datafield>
<datafield tag="072" ind1=" " ind2="7">
<subfield code="a">YAF</subfield>
<subfield code="x">024050</subfield>
<subfield code="2">bisacsh</subfield>
</datafield>
<datafield tag="072" ind1=" " ind2="7">
<subfield code="a">YAF</subfield>
<subfield code="x">053000</subfield>
<subfield code="2">bisacsh</subfield>
</datafield>
<datafield tag="082" ind1="0" ind2="4">
<subfield code="a">813.6</subfield>
<subfield code="2">23</subfield>
</datafield>
<datafield tag="100" ind1="1" ind2=" ">
<subfield code="a">Lee, Mackenzi,</subfield>
<subfield code="1">http://viaf.org/viaf/311768712</subfield>
<subfield code="4">aut</subfield>
</datafield>
<datafield tag="245" ind1="1" ind2="4">
<subfield code="a">The gentleman's guide to vice and virtue /</subfield>
<subfield code="c">Mackenzi Lee.</subfield>
</datafield>
<datafield tag="264" ind1=" " ind2="1">
<subfield code="a">New York, NY :</subfield>
<subfield code="b">Katherine Tegen Books, an imprint of HarperCollinsPublishers,</subfield>
<subfield code="c">[2017].</subfield>
</datafield>
<datafield tag="300" ind1=" " ind2=" ">
<subfield code="a">1 online resource (513 pages) :</subfield>
<subfield code="b">illustration.</subfield>
</datafield>
<datafield tag="336" ind1=" " ind2=" ">
<subfield code="a">text</subfield>
<subfield code="2">rdacontent</subfield>
</datafield>
<datafield tag="337" ind1=" " ind2=" ">
<subfield code="a">computer</subfield>
<subfield code="2">rdamedia</subfield>
</datafield>
<datafield tag="338" ind1=" " ind2=" ">
<subfield code="a">online resource</subfield>
<subfield code="2">rdacarrier</subfield>
</datafield>
<datafield tag="506" ind1="1" ind2=" ">
<subfield code="a">Legal Deposit;</subfield>
<subfield code="c">Only available on premises controlled by the deposit library and to one user at any one time;</subfield>
<subfield code="e">The Legal Deposit Libraries (Non-Print Works) Regulations (UK).</subfield>
<subfield code="5">UkOxU</subfield>
</datafield>
<datafield tag="540" ind1=" " ind2=" ">
<subfield code="a">Restricted: Printing from this resource is governed by The Legal Deposit Libraries (Non-Print Works) Regulations (UK) and UK copyright law currently in force.</subfield>
<subfield code="5">UkOxU</subfield>
</datafield>
<datafield tag="588" ind1="0" ind2=" ">
<subfield code="a">Print version record.</subfield>
</datafield>
<datafield tag="500" ind1=" " ind2=" ">
<subfield code="a">Academic</subfield>
</datafield>
<datafield tag="650" ind1=" " ind2="1">
<subfield code="a">Bisexuality</subfield>
<subfield code="v">Fiction.</subfield>
</datafield>
<datafield tag="650" ind1=" " ind2="1">
<subfield code="a">Historical fiction</subfield>
</datafield>
<datafield tag="650" ind1=" " ind2="0">
<subfield code="a">Bisexuality</subfield>
<subfield code="v">Fiction.</subfield>
</datafield>
<datafield tag="650" ind1=" " ind2="0">
<subfield code="a">Historical fiction</subfield>
</datafield>
<datafield tag="650" ind1=" " ind2="0">
<subfield code="a">Bisexual teenagers</subfield>
<subfield code="v">Fiction.</subfield>
</datafield>
<datafield tag="650" ind1=" " ind2="0">
<subfield code="a">Hedonism</subfield>
<subfield code="v">Fiction.</subfield>
</datafield>
<datafield tag="650" ind1=" " ind2="0">
<subfield code="a">Young adult fiction</subfield>
</datafield>
<datafield tag="650" ind1=" " ind2="7">
<subfield code="a">YOUNG ADULT FICTION / Family / Siblings</subfield>
<subfield code="2">bisacsh</subfield>
</datafield>
<datafield tag="650" ind1=" " ind2="7">
<subfield code="a">Bisexual teenagers</subfield>
<subfield code="2">fast</subfield>
<subfield code="0">(OCoLC)fst01892977</subfield>
</datafield>
<datafield tag="650" ind1=" " ind2="7">
<subfield code="a">Grand tours (Education)</subfield>
<subfield code="2">fast</subfield>
<subfield code="0">(OCoLC)fst00946335</subfield>
</datafield>
<datafield tag="650" ind1=" " ind2="7">
<subfield code="a">Hedonism</subfield>
<subfield code="2">fast</subfield>
<subfield code="0">(OCoLC)fst00954467</subfield>
</datafield>
<datafield tag="650" ind1=" " ind2="7">
<subfield code="a">Self-actualization (Psychology) in adolescence.</subfield>
<subfield code="2">fast</subfield>
<subfield code="0">(OCoLC)fst01111497</subfield>
</datafield>
<datafield tag="650" ind1=" " ind2="7">
<subfield code="a">Young bisexual men</subfield>
<subfield code="2">fast</subfield>
<subfield code="0">(OCoLC)fst01741111</subfield>
</datafield>
<datafield tag="650" ind1=" " ind2="7">
<subfield code="a">Best friends</subfield>
<subfield code="v">Fiction.</subfield>
<subfield code="2">sears</subfield>
</datafield>
<datafield tag="650" ind1=" " ind2="7">
<subfield code="a">Young bisexual men</subfield>
<subfield code="v">Fiction.</subfield>
<subfield code="2">sears</subfield>
</datafield>
<datafield tag="650" ind1=" " ind2="7">
<subfield code="a">Brothers and sisters</subfield>
<subfield code="v">Fiction.</subfield>
<subfield code="2">sears</subfield>
</datafield>
<datafield tag="651" ind1=" " ind2="1">
<subfield code="a">Europe</subfield>
<subfield code="x">History</subfield>
<subfield code="y">18th century</subfield>
<subfield code="v">Fiction.</subfield>
</datafield>
<datafield tag="651" ind1=" " ind2="0">
<subfield code="a">Europe</subfield>
<subfield code="x">History</subfield>
<subfield code="y">18th century</subfield>
<subfield code="v">Fiction.</subfield>
</datafield>
<datafield tag="651" ind1=" " ind2="0">
<subfield code="a">Europe</subfield>
<subfield code="x">Tours</subfield>
<subfield code="v">Fiction.</subfield>
</datafield>
<datafield tag="651" ind1=" " ind2="7">
<subfield code="a">Europe.</subfield>
<subfield code="2">fast</subfield>
<subfield code="0">(OCoLC)fst01245064</subfield>
</datafield>
<datafield tag="651" ind1=" " ind2="7">
<subfield code="a">Europe</subfield>
<subfield code="v">Fiction.</subfield>
<subfield code="2">sears</subfield>
</datafield>
<datafield tag="655" ind1=" " ind2="7">
<subfield code="a">Action and adventure fiction</subfield>
<subfield code="2">lcgft</subfield>
</datafield>
<datafield tag="655" ind1=" " ind2="7">
<subfield code="a">Romance fiction</subfield>
<subfield code="2">lcgft</subfield>
</datafield>
<datafield tag="655" ind1=" " ind2="7">
<subfield code="a">Historical fiction</subfield>
<subfield code="2">lcgft</subfield>
</datafield>
<datafield tag="655" ind1=" " ind2="4">
<subfield code="a">Electronic books.</subfield>
</datafield>
<datafield tag="655" ind1=" " ind2="7">
<subfield code="a">Romances.</subfield>
<subfield code="2">gsafd</subfield>
</datafield>
<datafield tag="655" ind1=" " ind2="7">
<subfield code="a">Action and adventure fiction</subfield>
<subfield code="2">fast</subfield>
<subfield code="0">(OCoLC)fst01921574</subfield>
</datafield>
<datafield tag="655" ind1=" " ind2="7">
<subfield code="a">Fiction.</subfield>
<subfield code="2">fast</subfield>
<subfield code="0">(OCoLC)fst01423787</subfield>
</datafield>
<datafield tag="655" ind1=" " ind2="7">
<subfield code="a">Historical fiction</subfield>
<subfield code="2">fast</subfield>
<subfield code="0">(OCoLC)fst01726640</subfield>
</datafield>
<datafield tag="655" ind1=" " ind2="7">
<subfield code="a">History.</subfield>
<subfield code="2">fast</subfield>
<subfield code="0">(OCoLC)fst01411628</subfield>
</datafield>
<datafield tag="655" ind1=" " ind2="7">
<subfield code="a">Juvenile works.</subfield>
<subfield code="2">fast</subfield>
<subfield code="0">(OCoLC)fst01411637</subfield>
</datafield>
<datafield tag="655" ind1=" " ind2="7">
<subfield code="a">Romance fiction</subfield>
<subfield code="2">fast</subfield>
<subfield code="0">(OCoLC)fst01921732</subfield>
</datafield>
<datafield tag="655" ind1=" " ind2="7">
<subfield code="a">Young adult works.</subfield>
<subfield code="2">fast</subfield>
<subfield code="0">(OCoLC)fst01726790</subfield>
</datafield>
<datafield tag="859" ind1=" " ind2=" ">
<subfield code="a">ELD</subfield>
<subfield code="b">ebook</subfield>
</datafield>
</record>