


<record id="146">
<leader>00952cam a22003131a 4500</leader>
<controlfield tag="001">019421278</controlfield>
<controlfield tag="003">UkOxU</controlfield>
<controlfield tag="005">20180220005022.0</controlfield>
<controlfield tag="008">120315r20122007nyu           000 f eng|d</controlfield>
<datafield tag="015" ind1=" " ind2=" ">
<subfield code="a">GBB228668</subfield>
<subfield code="2">bnb</subfield>
</datafield>
<datafield tag="016" ind1="7" ind2=" ">
<subfield code="a">016053288</subfield>
<subfield code="2">Uk</subfield>
</datafield>
<datafield tag="020" ind1=" " ind2=" ">
<subfield code="a">9780446581974 (pbk.) :</subfield>
<subfield code="c">£11.99</subfield>
</datafield>
<datafield tag="035" ind1=" " ind2=" ">
<subfield code="a">(Uk)016053288</subfield>
</datafield>
<datafield tag="040" ind1=" " ind2=" ">
<subfield code="e"/>
</datafield>
<datafield tag="042" ind1=" " ind2=" ">
<subfield code="a">ukblsr</subfield>
</datafield>
<datafield tag="082" ind1="0" ind2="4">
<subfield code="a">813.6</subfield>
<subfield code="2">23</subfield>
</datafield>
<datafield tag="100" ind1="1" ind2=" ">
<subfield code="a">Hopkinson, Nalo,</subfield>
<subfield code="e">author.</subfield>
<subfield code="1">http://viaf.org/viaf/14061281</subfield>
<subfield code="4">aut</subfield>
</datafield>
<datafield tag="245" ind1="1" ind2="4">
<subfield code="a">The new moon's arms /</subfield>
<subfield code="c">Nalo Hopkinson.</subfield>
</datafield>
<datafield tag="260" ind1=" " ind2=" ">
<subfield code="a">New York :</subfield>
<subfield code="b">Grand Central ;</subfield>
<subfield code="a">London :</subfield>
<subfield code="b">Little, Brown [distributor],</subfield>
<subfield code="c">2012.</subfield>
</datafield>
<datafield tag="300" ind1=" " ind2=" ">
<subfield code="a">1 v. ;</subfield>
<subfield code="c">22 cm.</subfield>
</datafield>
<datafield tag="336" ind1=" " ind2=" ">
<subfield code="a">text</subfield>
<subfield code="2">rdacontent</subfield>
</datafield>
<datafield tag="337" ind1=" " ind2=" ">
<subfield code="a">unmediated</subfield>
<subfield code="2">rdamedia</subfield>
</datafield>
<datafield tag="338" ind1=" " ind2=" ">
<subfield code="a">volume</subfield>
<subfield code="2">rdacarrier</subfield>
</datafield>
<datafield tag="500" ind1=" " ind2=" ">
<subfield code="a">Originally published: New York: Warner, 2007.</subfield>
</datafield>
<datafield tag="500" ind1=" " ind2=" ">
<subfield code="a">Formerly CIP.</subfield>
<subfield code="5">Uk</subfield>
</datafield>
<datafield tag="650" ind1=" " ind2="0">
<subfield code="a">Middle-aged women</subfield>
<subfield code="v">Fiction.</subfield>
</datafield>
<datafield tag="650" ind1=" " ind2="0">
<subfield code="a">Orphans</subfield>
<subfield code="v">Fiction.</subfield>
</datafield>
<datafield tag="651" ind1=" " ind2="0">
<subfield code="a">Caribbean Area</subfield>
<subfield code="v">Fiction.</subfield>
</datafield>
</record>