


<record id="148">
<leader>00545nam a2200181 a 4500</leader>
<controlfield tag="001">010692737</controlfield>
<controlfield tag="003">UkOxU</controlfield>
<controlfield tag="005">19960517181556.0</controlfield>
<controlfield tag="008">930209r19841983enk           000 1 eng d</controlfield>
<datafield tag="020" ind1=" " ind2=" ">
<subfield code="a">0722119577</subfield>
</datafield>
<datafield tag="092" ind1=" " ind2=" ">
<subfield code="a">D0500813463</subfield>
</datafield>
<datafield tag="100" ind1="1" ind2=" ">
<subfield code="a">Bradley, Marion Zimmer,</subfield>
<subfield code="e">author.</subfield>
<subfield code="1">http://viaf.org/viaf/66464308</subfield>
<subfield code="4">aut</subfield>
</datafield>
<datafield tag="245" ind1="1" ind2="4">
<subfield code="a">The mists of Avalon /</subfield>
<subfield code="c">Marion Zimmer Bradley.</subfield>
</datafield>
<datafield tag="260" ind1=" " ind2=" ">
<subfield code="a">London :</subfield>
<subfield code="b">Sphere,</subfield>
<subfield code="c">1984</subfield>
</datafield>
<datafield tag="300" ind1=" " ind2=" ">
<subfield code="a">xi, 1009 pages ;</subfield>
<subfield code="c">18 cm</subfield>
</datafield>
<datafield tag="500" ind1=" " ind2=" ">
<subfield code="a">Originally published: London : Michael Joseph, 1983</subfield>
</datafield>
</record>