
<record id="149">
<leader>00586nam a2200217 a 4500</leader>
<controlfield tag="001">011099829</controlfield>
<controlfield tag="003">UkOxU</controlfield>
<controlfield tag="005">19960530201348.0</controlfield>
<controlfield tag="008">930317r19931983enk           000 1 eng d</controlfield>
<datafield tag="015" ind1=" " ind2=" ">
<subfield code="a">GB 93-17071</subfield>
</datafield>
<datafield tag="020" ind1=" " ind2=" ">
<subfield code="a">0140177191</subfield>
</datafield>
<datafield tag="035" ind1=" " ind2=" ">
<subfield code="a">BNB issue 2232</subfield>
</datafield>
<datafield tag="082" ind1=" " ind2=" ">
<subfield code="a">813.54</subfield>
<subfield code="d">F</subfield>
<subfield code="2">20</subfield>
</datafield>
<datafield tag="092" ind1=" " ind2=" ">
<subfield code="a">D0501983684</subfield>
</datafield>
<datafield tag="100" ind1="1" ind2=" ">
<subfield code="a">Bradley, Marion Zimmer,</subfield>
<subfield code="e">author.</subfield>
<subfield code="1">http://viaf.org/viaf/66464308</subfield>
<subfield code="4">aut</subfield>
</datafield>
<datafield tag="245" ind1="1" ind2="4">
<subfield code="a">The mists of Avalon /</subfield>
</datafield>
<datafield tag="260" ind1=" " ind2=" ">
<subfield code="a">London :</subfield>
<subfield code="b">Penguin,</subfield>
<subfield code="c">1993</subfield>
</datafield>
<datafield tag="300" ind1=" " ind2=" ">
<subfield code="a">xi, 1009 p</subfield>
</datafield>
<datafield tag="500" ind1=" " ind2=" ">
<subfield code="a">First published: Joseph, 1983</subfield>
</datafield>
</record>