
<record id="150">
<leader>00613nam a22002172a 4500</leader>
<controlfield tag="001">011235362</controlfield>
<controlfield tag="003">UkOxU</controlfield>
<controlfield tag="005">19960602070817.0</controlfield>
<controlfield tag="008">500101r19831982enk           000 1 eng d</controlfield>
<datafield tag="010" ind1=" " ind2=" ">
<subfield code="a">GB83-37355</subfield>
</datafield>
<datafield tag="020" ind1=" " ind2=" ">
<subfield code="a">0718122704</subfield>
</datafield>
<datafield tag="035" ind1=" " ind2=" ">
<subfield code="a">OCLC ocm16593884 from D950313M</subfield>
</datafield>
<datafield tag="040" ind1=" " ind2=" ">
<subfield code="e"/>
</datafield>
<datafield tag="082" ind1=" " ind2=" ">
<subfield code="a">813/.54</subfield>
<subfield code="2">19</subfield>
</datafield>
<datafield tag="092" ind1=" " ind2=" ">
<subfield code="a">D0502305912</subfield>
</datafield>
<datafield tag="100" ind1="1" ind2=" ">
<subfield code="a">Bradley, Marion Zimmer,</subfield>
<subfield code="e">author.</subfield>
<subfield code="1">http://viaf.org/viaf/66464308</subfield>
<subfield code="4">aut</subfield>
</datafield>
<datafield tag="245" ind1="1" ind2="4">
<subfield code="a">The mists of Avalon /</subfield>
<subfield code="c">Marion Zimmer Bradley.</subfield>
</datafield>
<datafield tag="260" ind1=" " ind2=" ">
<subfield code="a">London :</subfield>
<subfield code="b">Joseph,</subfield>
<subfield code="c">1983, c1982</subfield>
</datafield>
<datafield tag="300" ind1=" " ind2=" ">
<subfield code="a">xi, 876 pages ;</subfield>
<subfield code="c">24 cm</subfield>
</datafield>
<datafield tag="500" ind1=" " ind2=" ">
<subfield code="a">Originally published: New York : Knopf, 1982</subfield>
</datafield>
</record>