


<record id="151">
<leader>01423nam a2200373 i 4500</leader>
<controlfield tag="001">020263714</controlfield>
<controlfield tag="003">UkOxU</controlfield>
<controlfield tag="005">20171005232825.0</controlfield>
<controlfield tag="006">m    ||  d |</controlfield>
<controlfield tag="007">cr |||||||||||</controlfield>
<controlfield tag="008">140417r20121979enk     o     000 1 eng</controlfield>
<datafield tag="015" ind1=" " ind2=" ">
<subfield code="a">GBB520178</subfield>
<subfield code="2">bnb</subfield>
</datafield>
<datafield tag="020" ind1=" " ind2=" ">
<subfield code="a">9780575113862</subfield>
<subfield code="q">(EPUB)</subfield>
</datafield>
<datafield tag="020" ind1=" " ind2=" ">
<subfield code="a">0575113863</subfield>
<subfield code="q">(EPUB)</subfield>
</datafield>
<datafield tag="035" ind1=" " ind2=" ">
<subfield code="a">(Uk)016743722</subfield>
</datafield>
<datafield tag="037" ind1=" " ind2=" ">
<subfield code="a">9780575113862</subfield>
<subfield code="b">Ingram Content Group</subfield>
</datafield>
<datafield tag="040" ind1=" " ind2=" ">
<subfield code="e">rda</subfield>
</datafield>
<datafield tag="042" ind1=" " ind2=" ">
<subfield code="a">ukblsr</subfield>
</datafield>
<datafield tag="082" ind1="0" ind2="4">
<subfield code="a">813.54</subfield>
<subfield code="2">23</subfield>
</datafield>
<datafield tag="100" ind1="1" ind2=" ">
<subfield code="a">Bradley, Marion Zimmer,</subfield>
<subfield code="e">author.</subfield>
<subfield code="1">http://viaf.org/viaf/66464308</subfield>
<subfield code="4">aut</subfield>
</datafield>
<datafield tag="245" ind1="1" ind2="4">
<subfield code="a">The mists of Avalon /</subfield>
<subfield code="c">Marion Zimmer Bradley.</subfield>
</datafield>
<datafield tag="264" ind1=" " ind2="1">
<subfield code="a">London :</subfield>
<subfield code="b">Gollancz,</subfield>
<subfield code="c">2012.</subfield>
</datafield>
<datafield tag="264" ind1=" " ind2="4">
<subfield code="c">©1979</subfield>
</datafield>
<datafield tag="300" ind1=" " ind2=" ">
<subfield code="a">1 online resource.</subfield>
</datafield>
<datafield tag="336" ind1=" " ind2=" ">
<subfield code="a">text</subfield>
<subfield code="2">rdacontent</subfield>
</datafield>
<datafield tag="337" ind1=" " ind2=" ">
<subfield code="a">computer</subfield>
<subfield code="2">rdamedia</subfield>
</datafield>
<datafield tag="338" ind1=" " ind2=" ">
<subfield code="a">online resource</subfield>
<subfield code="2">rdacarrier</subfield>
</datafield>
<datafield tag="490" ind1="0" ind2=" ">
<subfield code="a">Avalon</subfield>
</datafield>
<datafield tag="500" ind1=" " ind2=" ">
<subfield code="a">Originally published: New York : Knopf, 1982.</subfield>
</datafield>
<datafield tag="506" ind1="1" ind2=" ">
<subfield code="a">Legal Deposit;</subfield>
<subfield code="c">Only available on premises controlled by the deposit library and to one user at any one time;</subfield>
<subfield code="e">The Legal Deposit Libraries (Non-Print Works) Regulations (UK).</subfield>
<subfield code="5">UkOxU</subfield>
</datafield>
<datafield tag="540" ind1=" " ind2=" ">
<subfield code="a">Restricted: Printing from this resource is governed by The Legal Deposit Libraries (Non-Print Works) Regulations (UK) and UK copyright law currently in force.</subfield>
<subfield code="5">UkOxU</subfield>
</datafield>
<datafield tag="500" ind1=" " ind2=" ">
<subfield code="a">Academic</subfield>
</datafield>
<datafield tag="650" ind1=" " ind2="0">
<subfield code="a">Science fiction, American</subfield>
</datafield>
</record>