


<record id="152">
<leader>02157aam a22005291i 4500</leader>
<controlfield tag="001">020993084</controlfield>
<controlfield tag="003">UkOxU</controlfield>
<controlfield tag="005">20180620230126.0</controlfield>
<controlfield tag="006">m    ||  d |</controlfield>
<controlfield tag="007">cr |||||||||||</controlfield>
<controlfield tag="008">140204s1993    enk     o     000 1 eng d</controlfield>
<datafield tag="015" ind1=" " ind2=" ">
<subfield code="a">GBB7G8807</subfield>
<subfield code="2">bnb</subfield>
</datafield>
<datafield tag="020" ind1=" " ind2=" ">
<subfield code="a">9780141963082</subfield>
<subfield code="q">(electronic bk.)</subfield>
</datafield>
<datafield tag="020" ind1=" " ind2=" ">
<subfield code="a">0141963085</subfield>
<subfield code="q">(electronic bk.)</subfield>
</datafield>
<datafield tag="020" ind1=" " ind2=" ">
<subfield code="z">0140177191</subfield>
</datafield>
<datafield tag="020" ind1=" " ind2=" ">
<subfield code="z">9780140177190</subfield>
</datafield>
<datafield tag="035" ind1=" " ind2=" ">
<subfield code="a">(Uk)018506608</subfield>
</datafield>
<datafield tag="037" ind1=" " ind2=" ">
<subfield code="a">PenguinGroup270108</subfield>
<subfield code="b">Ingram Content Group</subfield>
</datafield>
<datafield tag="040" ind1=" " ind2=" ">
<subfield code="e">rda</subfield>
<subfield code="e">pn</subfield>
</datafield>
<datafield tag="042" ind1=" " ind2=" ">
<subfield code="a">ukblsr</subfield>
</datafield>
<datafield tag="050" ind1=" " ind2="4">
<subfield code="a">PS3552.R228</subfield>
<subfield code="b">M5 1993eb</subfield>
</datafield>
<datafield tag="082" ind1="0" ind2="4">
<subfield code="a">813.54</subfield>
<subfield code="2">22</subfield>
</datafield>
<datafield tag="100" ind1="1" ind2=" ">
<subfield code="a">Bradley, Marion Zimmer,</subfield>
<subfield code="e">author.</subfield>
<subfield code="1">http://viaf.org/viaf/66464308</subfield>
<subfield code="4">aut</subfield>
</datafield>
<datafield tag="245" ind1="1" ind2="4">
<subfield code="a">The mists of Avalon /</subfield>
</datafield>
<datafield tag="264" ind1=" " ind2="1">
<subfield code="a">[Place of publication not identified] :</subfield>
<subfield code="b">Penguin,</subfield>
<subfield code="c">1993.</subfield>
</datafield>
<datafield tag="300" ind1=" " ind2=" ">
<subfield code="a">1 online resource (xi, 1009 pages).</subfield>
</datafield>
<datafield tag="336" ind1=" " ind2=" ">
<subfield code="a">text</subfield>
<subfield code="2">rdacontent</subfield>
</datafield>
<datafield tag="337" ind1=" " ind2=" ">
<subfield code="a">computer</subfield>
<subfield code="2">rdamedia</subfield>
</datafield>
<datafield tag="338" ind1=" " ind2=" ">
<subfield code="a">online resource</subfield>
<subfield code="2">rdacarrier</subfield>
</datafield>
<datafield tag="506" ind1="1" ind2=" ">
<subfield code="a">Legal Deposit;</subfield>
<subfield code="c">Only available on premises controlled by the deposit library and to one user at any one time;</subfield>
<subfield code="e">The Legal Deposit Libraries (Non-Print Works) Regulations (UK).</subfield>
<subfield code="5">UkOxU</subfield>
</datafield>
<datafield tag="540" ind1=" " ind2=" ">
<subfield code="a">Restricted: Printing from this resource is governed by The Legal Deposit Libraries (Non-Print Works) Regulations (UK) and UK copyright law currently in force.</subfield>
<subfield code="5">UkOxU</subfield>
</datafield>
<datafield tag="588" ind1="0" ind2=" ">
<subfield code="a">Print version record.</subfield>
</datafield>
<datafield tag="500" ind1=" " ind2=" ">
<subfield code="a">Academic</subfield>
</datafield>
<datafield tag="630" ind1="0" ind2="7">
<subfield code="a">Romans de la Table ronde</subfield>
<subfield code="x">Adaptations.</subfield>
<subfield code="2">ram</subfield>
</datafield>
<datafield tag="650" ind1=" " ind2="7">
<subfield code="a">FICTION / Fantasy / Historical</subfield>
<subfield code="2">bisacsh</subfield>
</datafield>
<datafield tag="650" ind1=" " ind2="0">
<subfield code="a">Britons</subfield>
<subfield code="x">Kings and rulers</subfield>
<subfield code="v">Fiction.</subfield>
</datafield>
<datafield tag="650" ind1="0" ind2="4">
<subfield code="a">Romans de la Table ronde</subfield>
<subfield code="v">Adaptations.</subfield>
</datafield>
<datafield tag="650" ind1=" " ind2="7">
<subfield code="a">Britons</subfield>
<subfield code="x">Kings and rulers.</subfield>
<subfield code="2">fast</subfield>
<subfield code="0">(OCoLC)fst00839104</subfield>
</datafield>
<datafield tag="650" ind1=" " ind2="7">
<subfield code="a">Fantasy</subfield>
<subfield code="2">bicssc</subfield>
</datafield>
<datafield tag="650" ind1=" " ind2="7">
<subfield code="a">Historical Fiction</subfield>
<subfield code="2">bicssc</subfield>
</datafield>
<datafield tag="651" ind1=" " ind2="0">
<subfield code="a">Great Britain</subfield>
<subfield code="x">History</subfield>
<subfield code="y">Anglo-Saxon period, 449-1066</subfield>
<subfield code="v">Fiction.</subfield>
</datafield>
<datafield tag="651" ind1=" " ind2="7">
<subfield code="a">Great Britain.</subfield>
<subfield code="2">fast</subfield>
<subfield code="0">(OCoLC)fst01204623</subfield>
</datafield>
<datafield tag="655" ind1=" " ind2="4">
<subfield code="a">Electronic books.</subfield>
</datafield>
<datafield tag="655" ind1=" " ind2="7">
<subfield code="a">Fiction.</subfield>
<subfield code="2">fast</subfield>
<subfield code="0">(OCoLC)fst01423787</subfield>
</datafield>
<datafield tag="655" ind1=" " ind2="7">
<subfield code="a">History.</subfield>
<subfield code="2">fast</subfield>
<subfield code="0">(OCoLC)fst01411628</subfield>
</datafield>
<datafield tag="655" ind1=" " ind2="7">
<subfield code="a">Historical fiction</subfield>
<subfield code="2">lcgft</subfield>
</datafield>
<datafield tag="859" ind1=" " ind2=" ">
<subfield code="a">ELD</subfield>
<subfield code="b">ebook</subfield>
</datafield>
</record>