


<record id="154">
<leader>01500pam a22003731i 4500</leader>
<controlfield tag="001">021427953</controlfield>
<controlfield tag="003">UkOxU</controlfield>
<controlfield tag="005">20190220173233.0</controlfield>
<controlfield tag="006">m    ||  d |</controlfield>
<controlfield tag="007">cr |||||||||||</controlfield>
<controlfield tag="008">190121s2019    enk     o     000|f|eng|d</controlfield>
<datafield tag="015" ind1=" " ind2=" ">
<subfield code="a">GBB916296</subfield>
<subfield code="2">bnb</subfield>
</datafield>
<datafield tag="020" ind1=" " ind2=" ">
<subfield code="a">9781789091601 (ePub ebook) :</subfield>
<subfield code="c">£8.33</subfield>
</datafield>
<datafield tag="020" ind1=" " ind2=" ">
<subfield code="z">9781785653193 (hbk.) :</subfield>
<subfield code="c">£14.99</subfield>
</datafield>
<datafield tag="035" ind1=" " ind2=" ">
<subfield code="a">(Uk)019222593</subfield>
</datafield>
<datafield tag="037" ind1=" " ind2=" ">
<subfield code="a">AAAD1608</subfield>
<subfield code="b">Ingram Content Group</subfield>
</datafield>
<datafield tag="040" ind1=" " ind2=" ">
<subfield code="e">rda</subfield>
<subfield code="e">pn</subfield>
</datafield>
<datafield tag="042" ind1=" " ind2=" ">
<subfield code="a">ukblsr</subfield>
</datafield>
<datafield tag="082" ind1="0" ind2="4">
<subfield code="a">813.6</subfield>
<subfield code="2">23</subfield>
</datafield>
<datafield tag="100" ind1="1" ind2=" ">
<subfield code="a">Anders, Charlie Jane,</subfield>
<subfield code="1">http://viaf.org/viaf/26466367</subfield>
<subfield code="4">aut</subfield>
</datafield>
<datafield tag="245" ind1="1" ind2="4">
<subfield code="a">The city in the middle of the night /</subfield>
<subfield code="c">Charlie Jane Anders.</subfield>
</datafield>
<datafield tag="264" ind1=" " ind2="1">
<subfield code="a">London :</subfield>
<subfield code="b">Titan Books,</subfield>
<subfield code="c">2019.</subfield>
</datafield>
<datafield tag="300" ind1=" " ind2=" ">
<subfield code="a">1 online resource.</subfield>
</datafield>
<datafield tag="336" ind1=" " ind2=" ">
<subfield code="a">text</subfield>
<subfield code="2">rdacontent</subfield>
</datafield>
<datafield tag="337" ind1=" " ind2=" ">
<subfield code="a">computer</subfield>
<subfield code="2">rdamedia</subfield>
</datafield>
<datafield tag="338" ind1=" " ind2=" ">
<subfield code="a">online resource</subfield>
<subfield code="2">rdacarrier</subfield>
</datafield>
<datafield tag="506" ind1="1" ind2=" ">
<subfield code="a">Legal Deposit;</subfield>
<subfield code="c">Only available on premises controlled by the deposit library and to one user at any one time;</subfield>
<subfield code="e">The Legal Deposit Libraries (Non-Print Works) Regulations (UK).</subfield>
<subfield code="5">UkOxU</subfield>
</datafield>
<datafield tag="540" ind1=" " ind2=" ">
<subfield code="a">Restricted: Printing from this resource is governed by The Legal Deposit Libraries (Non-Print Works) Regulations (UK) and UK copyright law currently in force.</subfield>
<subfield code="5">UkOxU</subfield>
</datafield>
<datafield tag="588" ind1=" " ind2=" ">
<subfield code="a">Description based on CIP data; resource not viewed.</subfield>
</datafield>
<datafield tag="500" ind1=" " ind2=" ">
<subfield code="a">Nonacademic</subfield>
</datafield>
<datafield tag="655" ind1=" " ind2="0">
<subfield code="a">Science fiction</subfield>
</datafield>
<datafield tag="776" ind1="0" ind2="8">
<subfield code="i">Print version :</subfield>
<subfield code="z">9781785653193</subfield>
</datafield>
<datafield tag="859" ind1=" " ind2=" ">
<subfield code="a">ELD</subfield>
<subfield code="b">ebook</subfield>
</datafield>
</record>
-->

</collection>